3770 5662
1007 557 1087 660 96Ι

461 765 561 864 cisci)
595 765 757 871 οίναίρεσιν
790 776 857 858 τοῖς
884 776 1017 869 νεκροῖς,
1045 763 1204 870 μαθίντες
1232 764 1269 844 δέ
1294 766 1331 843 τδ
1360 765 1479 858 οίληθές
1503 764 1540 863 (i.
1564 790 1599 841 e.

461 915 528 964 eos
552 914 648 986 quos
672 887 850 963 cecidisse
871 887 1107 963 crediderant
1128 913 1277 962 revera
1298 887 1489 987 effugisse)
1503 883 1603 966 ε’παῦ·

460 1043 559 1091 σαντο
596 1009 764 1107 (consilio
803 1010 1015 1107 paciscendi
1054 1011 1312 1108 destiterunt);
1349 1010 1485 1085 ‘eodem
1524 1010 1603 1085 fere

461 1132 576 1208 modo
592 1133 645 1206 IV
661 1157 723 1224 99,
746 1157 759 1206 1
782 1118 908 1210 οὐδάἷι
935 1134 1177 1212 ἐσπένδοντο
1202 1137 1299 1218 δῆθεν
1315 1130 1390 1236 ὑπὲρ
1404 1146 1461 1224 τῆς
1476 1135 1604 1211 ἐκείνων

467 1281 611 1352 ,neque
660 1279 752 1328 vero
801 1252 1002 1329 verisimile
1052 1254 1250 1330 videbatur
1300 1280 1368 1328 eos
1415 1269 1602 1351 pactum

460 1378 617 1452 facere
644 1401 814 1474 cupere
843 1377 890 1450 de
918 1402 986 1450 sua
1014 1377 1179 1475 ipsorum
1206 1376 1484 1474 possessione”.

514 1500 590 1596 (De
618 1498 844 1597 imperfectis
874 1495 1081 1602 [ἐσπένδοντο]
1112 1525 1211 1596 quae
1232 1497 1408 1596 leguntur
1431 1498 1486 1571 IV
1515 1523 1600 1592 119,

464 1645 482 1694 2
514 1636 552 1696 et
579 1621 614 1693 V
650 1645 706 1713 19,
739 1645 759 1692 2
789 1621 836 1694 cf.
864 1645 978 1717 supra
1005 1621 1029 1717 ἓ
1060 1645 1080 1716 3
1111 1647 1147 1719 p.
1181 1622 1258 1718 77.)

514 1744 564 1816 ΙΙΙ
599 1746 684 1836 108,
719 1767 732 1815 1
768 1747 812 1834 ὡς
847 1740 880 1820 δ’
915 1747 948 1820 ἐν
984 1745 1095 1849 χερσίν
1131 1743 1196 1833 ἤδη
1234 1741 1321 1837 ’ὄντες
1355 1744 1521 1850 περιέσχον
1557 1759 1602 1852 τῷ

460 1864 539 1971 κέρᾳ
580 1869 610 1944 οἱ
649 1866 899 1950 Πελοποννήσιοι
942 1872 999 1944 καὶ
1037 1868 1288 1945 ἐκυκλοῦντο
1326 1866 1364 1944 τδ
1396 1867 1506 1960 δεξιδν
1540 1881 1603 1944 τῶν

461 1989 623 2080 ἐναντίών,
662 1986 765 2086 quod
801 1987 903 2083 imps.
938 1986 993 2062 St.
1024 2002 1125 2062 recte
1152 1987 1418 2085 interpretatur
1450 1988 1602 2085 „da-sie

461 2111 577 2185 sehon
606 2110 656 2184 im
695 2109 857 2208 Begrifse
901 2135 1034 2202 waren,
1077 2110 1151 2183 den
1193 2110 1345 2184 rechten
1382 2109 1602 2184 feindlichen

463 2233 599 2333 Fliigel
631 2260 676 2307 zu
711 2230 971 2330 umzingeln'’;
1009 2231 1174 2306 similiter
1211 2233 1246 2304 V
1287 2251 1347 2328 73,
1398 2258 1411 2306 1
1458 2265 1602 2339 παρερ-

461 2359 668 2461 ρήχννντο
697 2356 747 2452 (in
769 2380 815 2428 eo
840 2370 921 2429 erat
957 2370 997 2429 ut
1020 2380 1043 2429 a
1070 2354 1214 2453 reliquo
1242 2354 1406 2429 exercitu
1435 2353 1602 2430 interclu-

462 2477 651 2575 derentur)
684 2476 749 2567 ’ήδη
784 2471 859 2581 ἅμα
893 2519 946 2530 -
975 2484 1031 2556 καὶ
1069 2471 1144 2580 ἅμα
1180 2477 1216 2554 τδ
1254 2477 1360 2571 δεξιδν
1396 2492 1459 2557 τῶν
1495 2488 1602 2557 Λακε·

462 2603 639 2704 δαιμονίων
681 2606 738 2678 καὶ
780 2614 943 2702 Τεγεατῶν
985 2601 1210 2679 ἐκυκλοῦτο
1252 2599 1606 2696 (circumventurum

463 2722 558 2818 erat)
585 2736 630 2832 τῷ
658 2720 833 2828 περιέχοντι
861 2736 947 2824 σφῶν
975 2718 1050 2815 τοὺς
1080 2717 1268 2814 Ἀθηναίους
1296 2729 1370 2800 κτλ.

517 2844 572 2918 IV
606 2868 664 2937 14,
697 2869 715 2916 2
743 2836 766 2919 δι
789 2850 924 2948 ὁρῶντες
946 2847 977 2922 οἱ
999 2843 1257 2949 Λακεδαιμόνιοι
1279 2849 1336 2922 καί
1360 2851 1604 2951 περιαλχοῦντες

463 2982 508 3076 τῷ
535 2965 640 3060 ποίθει,
670 2965 773 3071 ὅτιπερ
803 2962 910 3044 αὐτῶν
932 2969 963 3044 οἱ
983 2961 1099 3071 ἄνδρες
1127 2964 1481 3072 α’πελαμβοίνοντο
1509 2969 1541 3045 ἐν
1564 3000 1604 3075 τῃ

463 3091 551 3194 νήσῳ
589 3097 662 3168 κτλ.
698 3089 721 3164 i.
744 3114 777 3164 e.
818 3085 975 3163 moleste
1012 3089 1186 3181 serentes,
1216 3089 1318 3188 quod
1342 3089 1422 3188 jam
1447 3089 1604 3188 jamque

463 3213 626 3288 futurum
664 3227 746 3288 erat
779 3226 820 3285 ut
857 3212 912 3285 sui
950 3210 1283 3287 intercluderentur
1315 3227 1385 3287 etc.
1415 3211 1602 3310 (homines

464 3361 546 3410 esse
583 3333 801 3409 interclusos
837 3332 1018 3408 indicatur
1054 3333 1238 3431 perfecto:
1275 3336 1299 3431 ξ
1331 3356 1349 3429 5
1380 3349 1443 3412 τῶν
1472 3333 1604 3439 οίυδρῶν

465 3457 742 3563 α’πειλημμένων).

520 3585 581 3673 28,
600 3606 619 3675 3
637 3565 730 3673 αὖθις
744 3577 780 3657 δὲ
793 3585 812 3656 o‘
826 3583 946 3671 Νικίας
959 3579 1083 3659 ἐκελευε
1098 3585 1156 3658 καὶ
1175 3581 1355 3673 ἐξίστατο
1373 3592 1432 3672 ταῖς
1447 3581 1493 3658 ἐπί
1505 3575 1605 3684 Πύλῳ

463 3701 592 3810 σίρχῆςε
616 3727 657 3777 se
672 3716 844 3800 paratum
860 3702 1031 3800 praebuit
1045 3700 1095 3774 ad
1109 3693 1323 3797 praeturam
1340 3701 1602 3777 abdicandam.

516 3825 553 3899 V
591 3828 651 3916 28,
692 3849 710 3898 2
741 3828 771 3903 σί
796 3823 857 3928 μὲν
884 3809 942 3901 οὖν
972 3820 1104 3929 Ἀργεῖοι
1131 3819 1231 3916 οὕτως
1258 3826 1290 3917 ἐς
1315 3823 1375 3912 τὴν
1402 3830 1604 3936 ξυμμαχίαν

462 3948 765 4056 προσεδέχοντο
801 3943 876 4039 τοὺς
914 3946 1082 4038 ἐθελοντας
1114 3961 1177 4024 τῶν
1213 3942 1402 4032 Ἐλλήνωνε
1432 3946 1605 4019 omnibus

463 4071 674 4146 civitatibus
702 4070 858 4146 Graecis
891 4083 1177 4167 potestatem
1211 4068 1425 4143 fecerunt
1463 4067 1605 4142 socie·

464 4210 609 4270 tatem
659 4219 813 4268 secum
865 4190 1200 4290 conjungendi3
1250 4188 1306 4265 Cl.
1358 4190 1460 4288 imps.
1504 4205 1606 4265 recte

464 4317 576 4393 vertit
618 4341 762 4411 ,waren
797 4315 917 4390 bereit
953 4312 1206 4388 zuzulassen''.
1246 4313 1320 4410 (Cf.
1357 4328 1488 4387 contra
1524 4338 1602 4387 aor.

464 4465 497 4516 e.
523 4464 561 4538 g.
579 4439 674 4534 145,
696 4464 709 4512 1
729 4442 759 4517 οἱ
772 4433 935 4528 Ἀθηναῖοι
948 4433 1024 4531 τοὺς
1039 4441 1254 4542 Κερκυραίους
1274 4435 1604 4541 προσεδέξαντοι

471 4562 614 4658 „socios
642 4557 905 4657 asciverunt’'.)
