3726 5656
1012 543 1034 614 8

418 835 422 842 ,
449 755 520 830 (1υο
553 755 769 830 similitudine
804 757 983 830 nominum
1020 755 1109 831 inter
1142 781 1182 829 se
1216 755 1471 830 confundantur
1497 782 1590 831 neve

449 877 482 951 in
516 894 676 952 veterem
704 904 860 952 errorem
887 879 1094 969 recidamus,
1124 903 1214 952 nunc
1241 878 1302 951 viri
1330 879 1424 953 docti
1450 905 1516 977 pro
1544 904 1590 952 eo

451 1001 548 1097 quod
582 1017 637 1074 est
680 1000 853 1094 „Zeitart”
882 999 992 1099 vulgo
1019 1000 1189 1074 adhibent
1214 992 1342 1073 vocem
1377 1001 1484 1094 „Art
1510 1001 1591 1074 der
1651 1055 1656 1062 -

449 1121 729 1222 Handlung'',
751 1121 1079 1217 „Aktionsart'’,
1102 1120 1449 1219 „Aktion'’‚quam
1464 1123 1590 1197 Latine

448 1245 667 1342 interpretari
701 1270 889 1342 possumus
923 1269 1094 1344 „genus
1121 1243 1363 1318 actionis'’.
1392 1246 1477 1318 Post
1505 1245 1589 1318 Cur-

449 1366 535 1439 tium
576 1365 630 1440 alii
671 1393 818 1465 quoque
858 1367 919 1439 viri
959 1366 1053 1439 docti
1089 1363 1183 1438 illam
1220 1365 1478 1462 quaestionem,
1517 1392 1591 1465 qua

449 1489 585 1562 ratione
607 1488 709 1562 variis
732 1487 831 1562 verbi
854 1487 984 1562 Graeci
1009 1487 1127 1560 formis
1141 1502 1306 1583 tempora
1320 1488 1589 1584 („Zeitstufen'')

450 1626 487 1683 et
514 1611 657 1684 actionis
684 1635 821 1710 genera
851 1608 1183 1707 („Aktionsarten'')
1213 1609 1461 1706 exprimantur,
1486 1610 1591 1683 fusius

449 1747 652 1821 tractarunt,
693 1730 808 1806 velut:
852 1733 892 1806 B.
934 1732 1135 1805 DELBRUCK
1175 1729 1376 1830 Vergleich.
1414 1732 1513 1830 Synt.
1553 1733 1586 1806 d.

449 1853 568 1953 indog.
599 1854 679 1951 Spr.
709 1854 742 1926 in
769 1854 884 1950 capite
912 1852 1068 1944 laudato,
1100 1868 1137 1927 et
1162 1853 1196 1926 in
1219 1852 1336 1926 libello
1360 1854 1429 1927 Die
1453 1853 1590 1927 Grund-

450 1974 558 2075 lagen
580 1976 644 2049 der
656 1975 897 2076 griechischen
911 1976 1047 2072 Syntax
1063 1975 1323 2072 (Syntaktische
1336 1975 1591 2075 Forschungen

451 2097 527 2195 IV),
557 2096 662 2171 Halle
695 2100 815 2193 18793
845 2097 891 2170 G.
921 2097 1067 2169 Huuuro
1095 2097 1304 2170 Aktionsart
1330 2097 1402 2170 und
1424 2097 1591 2171 Zeitstufe

452 2221 490 2317 (I.
520 2220 561 2294 F.
591 2221 651 2311 VI,
688 2222 799 2311 1896,
826 2245 862 2316 p.
901 2221 1143 2316 157—269);
1168 2219 1214 2292 K.
1240 2219 1590 2293 BanounnuKurze
1667 2256 1671 2260 ·

450 2341 562 2441 vergl.
603 2340 763 2416 Gramm.
803 2341 836 2414 d.
876 2341 997 2440 indog.
1028 2339 1108 2438 Spr.
1140 2341 1365 2440 (Strassburg
1398 2345 1524 2440 1904),
1553 2357 1591 2416 et
1640 2427 1643 2435 .

452 2462 678 2536 Griechische
720 2461 946 2537 Grammatik
988 2463 1058 2561 (ed.
1101 2478 1179 2538 tert.
1224 2463 1403 2537 Miinchen
1451 2466 1586 2562 19oo);

452 2585 494 2658 C.
530 2585 756 2657 Murranum<
783 2584 853 2657 Die
881 2583 1113 2682 Grundlagen
1140 2586 1204 2659 der
1231 2586 1491 2683 Tempuslehre
1518 2586 1590 2659 und
1677 2602 1681 2610 '

451 2707 516 2780 der
551 2706 685 2779 homer.
725 2707 1071 2806 Tempusgebrauch
1108 2708 1334 2807 (Strassburg
1374 2710 1445 2800 189
1451 2711 1509 2806 3);
1539 2709 1587 2781 H.

451 2828 627 2900 Mnnrzuu
654 2828 723 2901 Zur
749 2827 867 2900 Lehre
881 2854 953 2901 von
975 2828 1045 2902 den
1068 2830 1250 2902 Aktionen
1274 2830 1350 2903 bes.
1373 2830 1422 2902 im
1437 2828 1589 2903 Griechi·

451 2951 559 3023 schen
588 2950 625 3046 (1.
655 2949 696 3024 F.
726 2949 844 3041 XVII,
880 2973 991 3043 1904,
1020 2978 1056 3049 p.
1093 2952 1369 3049 186-278).1)

505 3073 606 3145 Nunc
635 3098 744 3169 quam
771 3071 977 3156 brevissime
1002 3089 1131 3170 potero
1158 3073 1329 3146 disseram
1357 3073 1404 3149 de
1431 3074 1471 3147 iis
1497 3099 1590 3171 quae

454 3220 476 3269 a
503 3194 583 3268 viris
611 3195 723 3268 doctis
750 3194 783 3267 in
805 3194 873 3268 hac
895 3195 1042 3268 materia
1064 3211 1206 3292 reperta
1230 3212 1320 3286 sunt,
1346 3222 1441 3292 quae
1458 3193 1590 3269 hicillie

452 3317 541 3390 meis
567 3318 718 3415 propriis
745 3317 1050 3391 observationibus
1077 3316 1265 3414 supplebo.

458 3558 654 3568 ..ι-...-

452 3716 534 3767 Sinue
558 3714 652 3764 wahlte
678 3714 721 3764 ich
746 3714 796 3764 deu
823 3715 961 3764 Ausdruck
986 3715 1127 3781 Zeitart‚
1152 3715 1240 3764 indem
1264 3715 1310 3764 wir
1331 3714 1359 3779 ja
1383 3716 1429 3765 das
1448 3715 1523 3765 Wort
1543 3715 1591 3765 nrt

453 3803 525 3852 recht
549 3801 691 3866 eigeutlich
716 3802 749 3850 da
768 3802 933 3868 verwenden,
953 3818 993 3852 wo
1012 3802 1059 3851 wir
1077 3801 1238 3868 specifische,
1258 3801 1349 3852 iuuere
1367 3802 1591 3868 Eigenthiimlich·

452 3889 541 3938 keiteu
559 3889 699 3937 benennen
718 3888 814 3938 wollen
833 3887 900 3939 etc”.

493 3975 520 4042 1)
540 3975 633 4024 Obiter
650 3991 755 4024 monere
772 3975 851 4024 velim
867 3975 893 4024 in
910 3975 1008 4039 linguis
1019 3975 1148 4026 Semiticis
1157 3990 1264 4041 quoque
1273 3975 1347 4026 verbi
1359 3983 1477 4041 tempora
1487 3978 1591 4042 proprie

453 4063 553 4112 diversa
586 4077 680 4126 genera
713 4061 825 4111 actionis
853 4061 1014 4129 significare3
1042 4061 1075 4111 cf.
1104 4062 1401 4112 ΟΕεΕΝιυε-ΚΑϋτΖεοΗ
1429 4063 1590 4113 Hebraische

453 4148 613 4198 Grammatik
639 4147 693 4214 (ed.
721 4148 800 4198 vices.
829 4149 913 4213 quint.
942 4147 1022 4215 1889)
1047 4165 1072 4213 p.
1101 4162 1151 4212 124
1175 4165 1236 4199 anu.
1264 4162 1292 4198 2:
1320 4150 1405 4214 „Deru
1424 4149 1591 4200 semitischeu

452 4235 672 4302 Tempusbegriss,
699 4235 745 4284 der
773 4235 818 4284 das
847 4235 1002 4285 Gescheheu
1031 4251 1079 4284 nur
1107 4243 1183 4287 unter
1211 4236 1269 4286 dem
1299 4235 1522 4301 Gesichtspunkte
1546 4236 1592 4286 der

452 4321 621 4371 volleudeteu
655 4321 719 4370 oder
744 4320 950 4371 unvolleudeten
979 4322 1124 4400 Hantilung
1153 4323 1285 4389 auschaut,
1313 4323 1347 4372 ist
1374 4322 1420 4372 das
1446 4322 1592 4388 indogerm.

453 4408 595 4458 Fachwerk
622 4407 705 4457 dreier
733 4407 902 4473 Zeitsphtiren
930 4408 1164 4475 (Vergaugenheit,
1192 4409 1356 4475 Gegeuwart,
1385 4408 1512 4475 Zukunft)
1538 4425 1591 4460 von

453 4491 526 4546 Hans
544 4510 589 4544 aus
607 4492 717 4544 fremd.‘’
737 4494 791 4544 Alii
806 4494 878 4560 apud
891 4494 957 4545 alios
974 4501 1091 4546 auctores
1106 4495 1158 4546 loci
1173 4495 1223 4546 huc
1240 4496 1401 4562 pertinentes
1416 4495 1515 4547 laudati
1530 4501 1592 4547 sunt

453 4581 523 4649 apud
542 4581 698 4649 Herbigium
717 4581 763 4633 1.1.
783 4596 810 4649 p.
832 4580 878 4632 161
901 4597 961 4632 aun.
982 4592 1006 4650 5.
