3770 5662
982 564 1029 635 88

432 773 560 848 vanda
596 786 654 846 est
690 772 746 846 vis
783 772 1004 846 conativa
1041 797 1139 870 quae
1177 773 1259 872 ejus
1294 775 1399 848 verbi
1442 775 1571 848 formis·
1619 855 1621 860 ,

433 895 674 993 praesenticis
698 893 839 991 aliquot
863 893 952 969 locis
972 895 1078 969 inest.
1105 895 1220 969 Verbi
1244 895 1419 993 simplicis
1438 897 1571 993 imper-

433 1019 571 1091 fectum
596 1017 667 1090 hac
690 1017 961 1114 significatione
983 1018 1192 1114 praeditum
1214 1043 1288 1091 non
1304 1019 1446 1112 inveni3
1472 1034 1568 1116 part.

433 1166 554 1237 praes,
580 1164 664 1212 eam
689 1139 765 1212 vim
787 1139 903 1212 habet
926 1139 961 1212 in
984 1138 1067 1212 Ioco
1093 1140 1143 1212 III
1171 1148 1232 1234 67,
1261 1165 1281 1235 3
1308 1185 1359 1195 —
1379 1135 1423 1218 ὧν
1438 1141 1573 1244 πατέρες

369 1291 371 1296 ·
433 1267 463 1340 οἱ
488 1260 548 1366 μέν
575 1262 652 1366 πρές
675 1261 763 1364 ὑμᾶς
786 1260 845 1347 τῆν
870 1268 1022 1339 Βοιωτίαν
1045 1257 1217 1366 ἄγοντες
1238 1261 1399 1344 οίπέθανον
1415 1265 1446 1340 ἐν
1464 1277 1575 1366 Kopai*

432 1389 500 1488 νείορ
527 1384 551 1458 i.
568 1409 600 1458 e.
630 1409 716 1457 cum
744 1383 790 1456 id
817 1400 1027 1481 agerent
1054 1400 1103 1458 ut
1131 1385 1328 1458 Boeotiam
1357 1385 1394 1458 in
1422 1400 1567 1459 vestras

433 1522 560 1603 partes
582 1505 828 1602 perducerent
853 1501 1039 1610 (ίίγοντες
1062 1551 1104 1577 =
1126 1505 1175 1583 ὅτε
1197 1498 1277 1611 ἦγον
1301 1552 1343 1578 -.-
1365 1509 1572 1612 ἐνεχείρη·

433 1659 509 1708 σαν
538 1627 717 1732 α’γαγεῖν
746 1628 849 1725 quod
876 1626 1013 1726 legitur
1040 1630 1129 1702 VIII
1162 1654 1223 1723 24,
1255 1631 1304 1728 6).

488 1750 697 1847 Compositi
734 1748 913 1855 ἐνοίγειν,
953 1751 1055 1848 quod
1093 1752 1277 1850 significat
1324 1753 1572 1846 „inducere

434 1873 587 1948 conari
616 1872 665 1946 ad
693 1871 871 1971 aliquid',
900 1889 1046 1948 tantum
1076 1875 1332 1971 praesenticae
1354 1876 1498 1949 formae
1522 1875 1572 1949 in·

433 1996 642 2070 veniuntur.
683 1995 944 2093 Imperfectum
974 1996 1110 2094 objecti
1138 1996 1222 2071 Ioco
1251 2023 1308 2098 re·
1328 1998 1456 2071 addita
1484 1997 1573 2094 Iegi-

433 2134 508 2194 tur:
540 2119 554 2190 I
587 2122 648 2212 67,
681 2143 699 2190 2
734 2118 802 2214 (τέν
830 2117 1004 2222 πόλεμον),
1030 2119 1064 2190 II
1098 2144 1158 2210 21,
1191 2143 1210 2212 3
1242 2118 1314 2216 (τῆν
1342 2116 1489 2217 ἐξοιλον),
1519 2119 1572 2191 IV

440 2263 498 2336 15,
541 2266 559 2313 2
592 2240 665 2338 (τῆν
693 2241 893 2344 στρατείαν),
924 2240 976 2312 IV
1008 2265 1069 2334 24,
1101 2266 1119 2313 2
1152 2267 1199 2315 ex
1227 2242 1269 2315 iis
1298 2268 1396 2339 quae
1424 2268 1574 2340 praece-

435 2365 527 2437 dunt
554 2363 672 2436 verba
699 2363 755 2440 τὸν
782 2363 938 2466 πόλεμον,
967 2363 1054 2435 VIII
1087 2367 1146 2457 78,
1180 2389 1198 2436 2
1231 2365 1348 2438 verba
1375 2365 1411 2442 τὸ
1432 2368 1573 2444 διαναυ-

433 2495 557 2590 μαχεῖν
585 2483 795 2582 supplenda
823 2499 926 2578 sunt3
955 2485 1171 2584 imperfecto
1201 2512 1403 2584 persona
1433 2489 1571 2587 objecti

434 2607 518 2682 loco
557 2607 685 2681 addita
722 2622 779 2720 est
815 2608 1078 2683 tantummodo
1116 2609 1170 2681 IV
1209 2635 1268 2698 21,
1311 2635 1330 2704 3
1359 2608 1508 2714 μοίλιστα
1536 2609 1573 2688 δὲ

435 2726 553 2821 αὐτοὺς
581 2731 693 2834 ἐνῆγε
721 2729 845 2808 Κλέων.

489 2852 698 2950 Compositi
739 2848 917 2956 ἐπείγειν
960 2853 1217 2950 imperfectum
1259 2869 1316 2928 est
1353 2854 1570 2929 conativum

435 2976 536 3049 hisce
563 2973 672 3049 locis:
702 2975 717 3047 I
752 2995 836 3070 107,
866 3000 890 3069 4
918 2976 954 3053 τὸ
981 2977 1023 3053 (λέ
1041 3009 1070 3054 τι
1096 2983 1152 3054 καὶ
1174 2972 1289 3082 ἄνδρες
1310 2991 1372 3055 τῶν
1393 2973 1573 3068 Ἀθηναίων

435 3100 584 3202 ἐπῆγον
621 3093 738 3189 αὐτοὺς
776 3093 883 3202 κρίρα
924 3099 1098 3192 „suchten
1136 3099 1197 3173 die
1230 3100 1352 3174 Lakk.
1383 3099 1571 3174 herbeizu-

434 3218 587 3294 ziehen‘’
632 3219 738 3317 (St.);
781 3219 816 3291 II
860 3223 921 3314 85,
971 3246 984 3293 1
1030 3226 1123 3299 πείθει
1161 3218 1279 3314 αὐτοὺς
1314 3223 1362 3300 ἐπὶ
1398 3226 1573 3302 Κυδωνίαν

433 3349 585 3422 πλεῦσαι·
622 3344 743 3446 ἐπῆγε
779 3340 815 3420 δὲ
843 3349 1054 3447 Πολιχνίταις
1081 3342 1320 3448 χαριζέριενοςι
1350 3346 1446 3449 ἐπῆγε
1474 3344 1572 3418 idem

435 3463 536 3540 valet
570 3463 672 3563 quod
705 3460 820 3542 έπειθεν
854 3459 972 3557 αὐτοὺς
1007 3467 1104 3544 ἐκεῖσε
1140 3472 1287 3545 πλεῦσαι.
1319 3466 1436 3541 Medii
1465 3465 1574 3572 ἐπείγε-

434 3594 508 3667 σθαι
544 3588 647 3685 impf.
685 3586 900 3660 conativum
934 3587 1035 3660 hisce
1072 3586 1163 3662 Iocis
1191 3589 1367 3663 occurrit:
1398 3589 1452 3662 IV
1487 3613 1572 3684 110,

441 3735 455 3784 1
497 3707 588 3803 εὐθὺς
621 3705 781 3815 στρατεύει
809 3711 856 3788 ἐπί
885 3709 1033 3813 Τορέινην
1048 3753 1101 3764 -
1116 3712 1172 3789 καί
1200 3707 1299 3789 αὐτὸν
1328 3705 1444 3816 ἄνδρες
1471 3713 1574 3815 ὀλίγοι

436 3833 657 3937 ἐπνίγοντο,
682 3837 800 3936 ἑτοίμα
824 3829 911 3926 ’σ’ντες
933 3831 992 3919 τῆν
1017 3831 1108 3912 πόλιν
1130 3835 1339 3937 παραδοῦναι
1363 3832 1386 3910 i.
1402 3858 1435 3907 e.
1467 3858 1575 3928 „eum

434 3956 471 4028 in
499 3981 606 4028 suam
635 3955 766 4029 urbem
793 3953 1028 4028 introducere
1055 3955 1334 4050 conabantur'’;
1364 3955 1455 4027 VIII
1486 3977 1520 4050 5,
1553 3977 1571 4050 5

436 4079 606 4181 ἐπῆγετο
656 4079 721 4181 γοὶρ
771 4083 828 4155 καί
869 4083 888 4154 ὁ
928 4078 1144 4183 Τισσαφέρνης
1184 4074 1259 4170 τοὺς
1299 4082 1575 4169 Πελοποννησίους

435 4206 507 4278 κτλ.
546 4200 648 4296 quod
684 4197 739 4273 CI.
777 4214 878 4274 recte
906 4200 1018 4273 vertit
1052 4226 1113 4294 „er
1140 4200 1270 4274 suchte
1298 4199 1352 4274 sie
1381 4199 1450 4273 auI
1472 4199 1575 4274 seine

436 4323 539 4397 Seite
574 4348 618 4395 zu
656 4322 797 4412 ziehen,
826 4322 904 4396 sich
933 4323 998 4396 mit
1026 4323 1138 4396 ihnen
1166 4349 1210 4396 zu
1238 4321 1493 4416 verbinden’';
1523 4322 1575 4396 sic

435 4470 551 4542 saepe
587 4459 811 4542 usurpantur
847 4445 961 4519 etiam
998 4445 1099 4519 infin.
1130 4471 1265 4541 praes.,
1294 4443 1399 4519 velut
1427 4444 1480 4517 III
1511 4447 1572 4535 82,

443 4593 473 4662 ι,
503 4584 541 4642 et
569 4584 665 4665 part.
695 4593 816 4665 praes.
846 4566 949 4644 velut
977 4570 992 4642 I
1024 4596 1056 4664 3,
1091 4594 1125 4644 2.

1055 4860 1153 4927 fi
