3770 5662
833 559 882 649 ⁶9

287 771 413 877 ἡμέρας
448 804 480 850 τε
515 766 595 849 έπτέι
622 814 674 825 -
704 779 894 876 Κερκυραῖοι
928 783 1015 873 opit
1053 765 1159 850 αὐτῶν
1192 767 1268 865 τοὺς
1294 768 1429 877 ἐχθροὺς

287 899 468 988 δοκοῦντας
502 891 582 974 εἶναι
618 891 810 998 ἐφόνευον
845 936 911 985 -,
941 892 1149 972 οίπέθανον
1185 894 1228 972 δέ
1255 925 1336 987 τινες
1370 895 1427 972 καί

288 1022 373 1112 ἰδίας
409 1015 528 1122 ἔχθρας
565 1011 679 1112 ἕνεκα,
718 1016 754 1090 in
792 1041 838 1090 ea
867 1017 1108 1115 paragrapho
1137 1041 1236 1114 quae
1262 1016 1430 1113 sequitur

286 1141 446 1239 primum
475 1136 710 1236 complexive
734 1153 965 1214 memoratur
987 1135 1081 1218 πᾶσοί
1104 1170 1137 1216 τε
1158 1139 1230 1217 ἰδέα
1251 1140 1428 1230 κατέστη

287 1259 444 1365 θαυοέτου,
473 1268 530 1340 καὶ
552 1304 606 1316 -
628 1257 722 1339 οὐδὲν
745 1259 764 1337 ὅ
785 1293 814 1338 τι
837 1255 874 1338 οὐ
897 1260 1076 1366 ξυνέβη;
1101 1275 1180 1335 tum
1204 1259 1429 1359 imperfectis

229 1373 234 1382 ⁶
287 1384 422 1459 civium
464 1397 618 1458 mutuae
645 1382 783 1457 caedes
819 1381 1092 1481 depinguntur:
1131 1385 1187 1463 καὶ
1224 1377 1290 1489 γὰρ
1322 1382 1430 1489 πατὴρ

275 1511 393 1588 παῖδα
430 1503 643 1586 α’πέκτεινε
680 1507 737 1584 καὶ
779 1504 842 1584 uini
879 1519 942 1585 τῶν
980 1509 1069 1610 ἱερῶν
1106 1503 1344 1586 α’πεσπῶντο
1372 1512 1429 1585 καί

287 1631 363 1735 πρές
391 1626 500 1722 αὐτοῖς
527 1631 780 1721 ἐκτείνοντος
806 1626 855 1702 ad
879 1643 1088 1702 extremum
1113 1653 1221 1703 casus
1234 1625 1429 1727 peculiaris

276 1752 442 1828 refertur
470 1751 630 1826 aoristo:
660 1755 690 1829 οί
717 1751 760 1830 δέ
781 1781 862 1844 τινες
890 1753 947 1829 καί
977 1794 1029 1805 -
1058 1750 1276 1831 α’πέθανον.

343 1875 393 1948 ΙΙΙ
433 1879 505 1948 106
534 1873 717 1948 exercitus
744 1872 814 1948 iter
841 1872 982 1948 faciens
1010 1898 1077 1971 per
1103 1873 1228 1949 varias
1255 1873 1430 1972 regiones

288 1995 505 2073 describitur
532 1995 651 2070 tribus
679 1994 905 2093 imperfectis
931 1995 1118 2102 ἐχώρουν
1143 1998 1205 2095 (ἓξ
1233 2022 1263 2087 ι,
1289 2020 1323 2088 2,
1352 1997 1401 2093 3).

346 2123 431 2208 108,
469 2144 490 2214 3
529 2121 812 2224 ἐπαυαχωροῦντες
849 2117 886 2197 δέ
914 2123 958 2212 ὡς
988 2117 1093 2223 ἐώρων
1119 2118 1156 2196 τὸ
1183 2117 1279 2197 πλέον
1307 2149 1429 2209 νενικη-

287 2241 384 2348 μένον
422 2247 480 2320 καὶ
514 2245 544 2320 οἱ
571 2235 667 2320 σ’ίλλοι
695 2235 890 2345 Ἀκαρνᾶνες
921 2247 1006 2345 σφίσι
1034 2239 1245 2346 προσέκειντο,
1275 2246 1431 2345 χαλεπῶς

287 2363 536 2472 διεσῴζοντο
564 2366 595 2457 ἐς
617 2358 677 2456 τὰς
694 2359 845 2456 Ὀλπαςι
876 2363 1094 2460 imperfecto
1116 2363 1234 2462 (quod
1253 2363 1349 2438 redit
1362 2362 1430 2437 V11

290 2513 352 2584 34,
392 2493 429 2586 6)
466 2500 796 2585 repraesentantur
833 2486 941 2561 nobis
978 2485 1083 2561 varia
1110 2501 1303 2560 momenta
1331 2510 1430 2582 quae

287 2626 479 2709 receptum
502 2609 753 2702 constituunt3
777 2625 908 2684 contra
929 2609 1034 2684 verbi
1056 2608 1270 2716 διασῴζεσθαι
1292 2609 1430 2684 aoristo

288 2731 550 2809 tantummodo
578 2732 768 2806 nuntiatur
795 2730 959 2830 aliquem
989 2733 1038 2806 ad
1062 2731 1272 2830 perfugium
1294 2729 1430 2806 incolu-

288 2882 387 2931 mem
424 2855 652 2953 pervenisse‚
689 2853 793 2930 velut
831 2855 884 2928 111
917 2859 979 2950 85,
1016 2879 1059 2948 23
1089 2854 1143 2929 IV
1173 2859 1236 2948 96,
1268 2857 1302 2928 8.
1333 2853 1430 2928 Cum

287 2980 506 3078 imperfecto
535 2977 723 3084 διεσῴζοντο
748 2979 901 3053 omnino
925 2977 1192 3054 conferendum
1217 2992 1274 3052 est
1297 2977 1430 3074 imper·

287 3101 424 3178 sectum
462 3101 565 3198 quod
592 3098 728 3200 legitur
756 3100 828 3175 VII
862 3124 922 3194 23,
952 3124 970 3173 2
997 3103 1055 3179 καὶ
1080 3101 1117 3178 ἐκ
1139 3098 1199 3205 μὲν
1222 3108 1279 3178 τοῦ
1306 3102 1429 3206 πρώτου

271 3223 423 3319 α’λέντος
464 3229 617 3328 χαλεπῶς
653 3227 683 3302 οἱ
720 3218 880 3329 ἄνθρωποι
909 3267 960 3278 -
989 3226 1286 3328 ἐξεκομίζοντο
1323 3225 1355 3315 ἐς
1394 3223 1431 3300 τὸ

286 3347 500 3453 στρατόπεδον
525 3345 710 3444 (homines
730 3346 942 3444 perfugium
959 3359 1132 3443 petentes
1146 3344 1428 3442 describuntur).

341 3469 395 3543 IV
424 3493 487 3563 90,
519 3492 539 3541 2
569 3468 800 3557 describitur,
831 3469 1025 3566 quomodo
1055 3466 1207 3543 Delium
1237 3468 1285 3542 ab
1310 3465 1430 3542 Athe·

287 3591 475 3668 niensibus
499 3589 714 3684 muniretur,
739 3591 985 3690 imperfectis:
1010 3588 1230 3684 έσκαπτον,
1255 3589 1430 3695 α’νίβοιλ-

287 3722 369 3807 λον,
417 3714 662 3820 ἐσέβαλλον,
705 3713 998 3821 ἐμετείιριζσν,
1040 3729 1119 3789 tum
1162 3711 1269 3810 quasi
1311 3712 1431 3787 obiter

286 3836 523 3933 descriptioni
548 3836 702 3911 adicitur
726 3837 906 3912 aoristus:
929 3832 1070 3941 πύργους
1093 3867 1125 3914 τε
1148 3843 1298 3930 ξυλίνους
1320 3831 1430 3914 κατέ-

285 3989 442 4048 στησαν
471 3965 543 4037 κτλ.

340 4080 564 4178 Imperfecto
583 4081 788 4187 ἐπλήρουν
808 4077 881 4178 (τὰς
895 4083 989 4180 ναῦς)
1000 4082 1103 4178 quod
1115 4079 1317 4179 legituer
1332 4102 1393 4176 30,
1410 4105 1424 4154 1

286 4201 486 4301 multisque
510 4201 590 4278 aliis
612 4202 703 4277 locis
726 4203 985 4278 describuntur
1009 4201 1105 4277 aliae
1124 4219 1212 4301 post
1226 4202 1318 4278 alias
1332 4204 1430 4301 copi-

285 4351 392 4400 arum
419 4339 547 4423 partes
575 4350 694 4400 naves
722 4327 1029 4401 conscendentes.
1078 4342 1083 4350 ’

338 4448 392 4522 VI
432 4472 495 4543 43,
532 4474 545 4522 1
577 4451 693 4553 τοσῇδε
723 4447 790 4538 ’ήδη
816 4464 858 4556 τῇ
885 4462 1077 4554 παρασκευῇ
1106 4445 1267 4539 Ἀθηναῖοι
1295 4443 1430 4554 ἄραντες

285 4575 321 4650 ἐκ
356 4586 414 4666 τῆς
452 4566 619 4679 Κερκύρας
656 4574 687 4666 ἐς
713 4572 773 4660 τὴν
800 4578 947 4651 Σικελίαν
976 4573 1262 4678 ἐπεραιοῦντο,
1292 4571 1423 4669 imper-
