3770 5662
813 542 862 617 47

266 761 349 810 sam
378 734 642 833 oligarchicam
670 735 955 810 sustentandam
983 735 1122 810 fecerat
1145 735 1285 810 aoristo
1309 759 1407 810 com-

265 859 557 956 prehenduntur,
586 859 680 932 sicut
707 859 822 933 etiam
851 856 991 933 aoristo
1018 857 1258 964 παρέσχεν).
1289 857 1408 931 Infini-

265 983 362 1056 tivus
385 1008 538 1081 quoque
557 981 683 1056 aoristi
698 981 775 1055 vim
789 981 1000 1055 effectivam
1017 981 1132 1055 habet
1146 981 1246 1055 hisce
1262 980 1409 1055 duobus

266 1103 378 1179 locis:
397 1093 438 1178 ‘11
469 1112 531 1198 62,
564 1129 584 1200 3
613 1119 676 1183 τῶν
703 1137 735 1182 τε
757 1102 904 1208 πατέρων
927 1103 975 1208 μὴ
999 1111 1125 1207 χείρους
1149 1098 1222 1181 κατ’
1242 1102 1408 1207 οίμφίτερα

266 1241 469 1330 φανῆναι,
497 1227 549 1301 IV
573 1253 636 1322 40,
664 1250 683 1322 5
709 1241 750 1336 τῇ
772 1259 804 1306 τε
823 1223 907 1330 αὐτῇ
924 1232 1028 1331 ζημίᾳ
1043 1224 1203 1319 οίξιῶσατε
1219 1221 1408 1330 οίμίνασθαι

268 1353 325 1429 καὶ
347 1349 396 1456 μὴ
425 1351 676 1457 οἷναλγητίτεροι
698 1365 761 1430 τῶν
785 1346 1080 1456 ἐπιβουλευσάντων
1100 1361 1281 1454 φανῆναι
1296 1351 1408 1448 (utro-

267 1499 342 1571 que
370 1472 454 1548 loco
487 1473 615 1568 „Iactis
642 1473 718 1548 suis
746 1500 787 1548 se
816 1472 1063 1570 praestare'').

322 1595 559 1695 Participium
588 1596 715 1671 aoristi
742 1596 879 1695 legitur
906 1595 1169 1671 tantummodo
1196 1594 1287 1669 VIII
1322 1619 1407 1685 102,

268 1743 282 1794 1
306 1724 350 1814 ὡς
364 1717 610 1824 -ᾐσθοίνοντο
633 1716 674 1798 τοί
697 1715 783 1824 πυροί
807 1722 1009 1824 ἐξαίφνης
1033 1716 1141 1799 πολλὰ
1164 1721 1196 1798 ἐν
1217 1733 1257 1823 τῇ
1271 1726 1409 1824 πολεμίᾳ

268 1844 469 1948 φαυίντα;
496 1869 574 1919 aot.
603 1843 698 1943 ingr.
730 1842 874 1938 „subito
897 1843 933 1916 in
957 1857 1199 1941 conspectum
1224 1840 1408 1937 cadere'’3

268 1965 312 2042 cs.
352 1966 404 2041 IV
445 1974 506 2062 36,
547 1992 566 2040 2
603 1969 651 2046 ἐπὶ
677 1975 734 2045 τοῦ
762 1965 917 2071 μετεώρου
948 1969 1150 2070 ἐξαίφνης
1178 1965 1409 2069 οίυαφανείς

272 2090 536 2189 (compositum
561 2088 864 2194 ἀναφαίνεσθαι
892 2087 979 2163 alibi
1008 2088 1109 2187 apud
1138 2104 1305 2163 nostrum
1334 2114 1408 2163 non

269 2214 439 2313 occurrit)
482 2228 520 2287 et
558 2212 611 2286 IV
651 2218 713 2308 96,
755 2235 774 2308 5
815 2212 891 2310 (τῶν
929 2212 1061 2311 ἱππέων)
1098 2212 1408 2319 ὑπερφανέντων

269 2340 499 2440 αἰφνιδίως.

324 2460 377 2533 Ut
399 2459 480 2558 jam
509 2484 531 2533 e
559 2459 708 2533 duobus
734 2457 826 2533 locis
855 2456 1024 2556 proxime
1051 2455 1212 2532 laudatis
1236 2473 1405 2556 apparet,

269 2582 477 2680 composita
519 2607 671 2680 quoque
711 2581 816 2656 verbi
844 2587 1009 2685 φαίνεσθαι
1046 2565 1230 2679 praebent
1266 2583 1408 2657 formas

267 2703 458 2779 aoristicas
495 2705 533 2778 vi
565 2704 772 2803 ingressive
809 2703 1011 2801 praeditaS,
1052 2731 1127 2802 quo
1155 2705 1342 2803 pertinent
1371 2705 1407 2778 hi

267 2853 419 2926 quoque
457 2826 549 2902 loci:
584 2826 638 2900 IV
667 2852 730 2922 93,
763 2852 783 2922 3
814 2834 870 2906 καὶ
898 2827 1005 2914 ἐπειδὴ
1035 2835 1146 2922 καλῶς
1173 2825 1282 2921 αὐτοῖς
1309 2826 1406 2934 εἶχεν,

265 2947 581 3058 ὑπερεφοίνησαν
609 2959 665 3030 τοῦ
692 2951 790 3056 λόφου
827 2951 884 3045 „in
912 2975 1060 3025 summo
1082 2949 1178 3025 colle
1197 2966 1407 3026 monstrare

266 3099 308 3149 se
345 3074 599 3174 coeperunt'’3
633 3073 667 3146 II
701 3077 747 3147 28
776 3081 795 3151 ὁ
821 3071 914 3167 ἥλιος
941 3073 1287 3178 ἐξελιπε-οῗοτέρων
1314 3089 1408 3153 τινῶν

265 3198 523 3301 ἐκφανέντων
553 3195 690 3288 „stellis
714 3196 938 3294 quibusdam
962 3194 1217 3272 elucentibus''
1244 3199 1409 3294 (compo-

266 3319 377 3394 situm
414 3323 686 3425 ἐκφαίνεσθαι
720 3319 779 3392 hic
812 3334 958 3394 tantum
985 3319 1154 3419 legitur);
1185 3320 1273 3393 VIII
1303 3345 1406 3414 42‚3

266 3449 324 3522 καί
353 3445 385 3522 ἐν
412 3454 460 3544 τῷ
487 3440 569 3550 ίρφῳ
598 3438 802 3548 ἐπεκροίτουν,
823 3439 921 3549 με’χρι
944 3431 981 3520 οὗ
1005 3440 1270 3547 ἐπεφοίνησαν
1294 3440 1406 3536 αὐτοῖς

267 3559 355 3671 παρὰ
383 3565 487 3661 δόξαν
515 3569 551 3645 αἱ
577 3572 703 3658 πλείους
726 3581 789 3644 τῶν
817 3581 916 3644 υεῶνι
947 3564 1004 3656 „in
1029 3582 1273 3665 conspectum
1297 3592 1409 3641 vene-

268 3687 400 3782 runt'’;
438 3688 603 3762 similiter
640 3689 730 3762 VIII
768 3713 831 3783 44,
872 3714 892 3783 3
927 3693 956 3767 οἱ
983 3689 1020 3769 δὲ
1049 3686 1210 3779 Ἀθηναῖοι
1240 3685 1327 3768 κατὰ
1354 3690 1409 3767 τὸν

266 3811 378 3918 καιρὸν
392 3819 503 3890 τοῦτον
516 3821 589 3905 ταῖς
603 3814 639 3890 ἐκ
652 3826 710 3904 ταῖς
724 3809 836 3916 Σοίμου
852 3819 966 3891 ναυσίν
981 3812 1165 3915 αἰσθίμενοι
1180 3814 1374 3892 ἐπέπλευσαν
1382 3811 1409 3910 1)

266 3933 326 4039 μὲν
365 3935 557 4040 βουλόμενοι
581 3937 715 4039 ’φθοίσαι
756 3943 813 4014 καί
842 3933 1101 4040 ἐπεφοίνησαυ
1129 3932 1276 4041 πελοίφιοι
1311 3936 1409 4030 „und

265 4083 416 4132 waren
441 4057 578 4133 bereits
601 4057 670 4132 auf
688 4057 807 4132 hoher
822 4057 895 4133 See
911 4059 999 4156 (den
1015 4056 1331 4156 Peloponnesiern
1347 4057 1416 4132 auf

267 4179 440 4278 Rhodus)
478 4206 529 4253 zu
567 4179 768 4257 Gesicht
804 4178 1106 4279 gekommen”
1147 4179 1247 4278 (CL).
1278 4179 1409 4277 (Facio

266 4329 351 4378 cum
389 4301 570 4380 Classeno
607 4318 646 4379 et
675 4303 932 4379 Herwerdeno
960 4303 1173 4404 legentibus
1200 4300 1409 4408 ἐπεφοίνησαν

287 4601 315 4670 1)
331 4599 374 4652 Sic
393 4599 464 4650 enim
483 4593 647 4648 ίπίππευααν
665 4595 725 4663 lego
743 4611 801 4648 cum
819 4597 879 4650 cod.
898 4599 929 4667 Β,
947 4596 980 4650 de
1000 4598 1052 4666 qu'a
1064 4613 1091 4649 re
1109 4596 1178 4648 infra
1196 4593 1222 4664 (5
1242 4594 1270 4663 7)
1289 4595 1419 4662 pluribus.
