3726 5656
994 555 1037 625 18

441 768 554 864 Soph.
593 763 677 841 Ant.
723 786 819 859 1052
849 761 971 857 ταύτης
998 761 1038 844 σὺ
1066 763 1175 867 μέντοι
1202 775 1260 856 τῆς
1287 763 1382 842 νόσου
1412 763 1447 860 (i.
1464 788 1500 837 e.
1530 772 1588 840 τοῦ

443 890 491 993 μὴ
520 891 656 994 φρονεῖν)
685 891 811 992 πλήρης
840 884 937 990 ἔφυς
964 885 985 960 i.
1001 911 1034 960 e.
1064 911 1111 959 ex
1133 885 1172 959 iis
1195 911 1290 984 quae
1313 886 1448 959 modo
1470 883 1584 960 dixisti

443 1027 481 1086 te
526 1013 643 1109 ipsum
691 1009 840 1083 insanire
887 1008 1068 1106 apparuit3
1116 1007 1162 1081 ib.
1212 1010 1308 1102 1085
1356 1035 1411 1105 sq.
1455 1002 1593 1086 τοιοῦτοί

447 1165 504 1213 σου
543 1178 595 1189 -
630 1131 707 1211 ὥστε
743 1131 878 1225 τοξότης
914 1133 1067 1234 ἀφῆκα
1104 1136 1197 1238 θυμῷ
1233 1134 1376 1235 καρδίας
1404 1125 1591 1234 τοξεύματα

444 1256 467 1330 i.
483 1281 514 1329 e.
554 1280 648 1353 quae
685 1253 818 1327 modo
851 1252 922 1326 dixi
950 1268 1139 1349 tamquam
1174 1251 1324 1352 sagittas
1361 1250 1395 1325 in
1431 1251 1590 1325 animum

445 1394 546 1453 tuum
583 1377 736 1477 conjeci;
773 1375 821 1450 ib.
857 1377 954 1469 1183
984 1401 1041 1472 sq.
1070 1390 1134 1453 τῶν
1163 1374 1271 1479 λέγων
1299 1374 1488 1482 ἐπῃσθόμην
1515 1373 1592 1480 πρὸς

447 1499 560 1595 ἔξοδον
588 1506 762 1604 στείχουσα
787 1498 809 1572 i.
825 1523 858 1572 e.
888 1496 1025 1571 modo
1052 1495 1183 1570 audivi.
1209 1495 1442 1594 Quamquam
1468 1511 1592 1570 autem

447 1622 502 1696 hic
529 1647 613 1696 usus
640 1619 791 1695 sortasse
818 1645 864 1693 ex
892 1645 956 1692 usu
983 1618 1250 1693 constativo
1277 1617 1495 1692 derivandus
1523 1631 1589 1707 est,

447 1761 569 1819 tamen
583 1743 717 1817 ratione
730 1741 852 1816 habita
866 1767 990 1816 eorum
1005 1767 1101 1839 quae
1114 1741 1224 1816 modo
1239 1740 1399 1838 exposui,
1412 1737 1495 1814 utile
1504 1739 1592 1839 judi·

449 1865 527 1939 cavi
541 1891 562 1938 e
576 1863 787 1960 Thucydide
800 1889 947 1960 quoque
961 1860 1143 1937 nonnullos
1156 1860 1255 1937 locos
1269 1863 1465 1960 quibusita
1481 1860 1592 1935 aoris-

450 2003 526 2061 tum
541 1986 745 2060 adhibitum
755 1985 870 2059 inveni
883 1986 1074 2082 separatim
1088 2001 1250 2060 tractare.
1263 1985 1320 2059 Sic
1330 1985 1427 2082 apud
1435 1998 1593 2058 nostrum

449 2135 562 2206 saepe
602 2107 719 2183 aoristi
755 2123 940 2183 occurrunt
974 2107 1007 2181 in
1042 2107 1136 2182 initio
1170 2108 1369 2182 orationum
1406 2133 1430 2181 a
1465 2105 1594 2207 legatis

450 2232 661 2322 habitarum,
690 2231 820 2327 quibus
847 2230 985 2304 aoristis
1007 2230 1194 2330 designant
1221 2257 1294 2328 quo
1322 2228 1464 2305 consilio
1488 2254 1593 2304 vene·

450 2355 526 2446 rint,
554 2353 652 2428 velut
677 2354 728 2426 IV
760 2372 819 2448 17,
853 2377 867 2425 1
900 2350 1095 2458 ἔπεμψαν
1123 2359 1216 2458 ημᾶς
1242 2352 1501 2457 Λακεδαιμόνιοι
1525 2355 1599 2455 περὶ.

451 2493 514 2555 τῶν
538 2479 570 2554 ἐν
592 2490 633 2583 τῇ
656 2477 744 2580 νήσῳ
767 2473 952 2579 πράξοντας
976 2483 1047 2553 κτλ.
1060 2477 1087 2574 1)
1110 2475 1228 2549 Etiam
1252 2474 1377 2549 clarius
1397 2472 1455 2550 illa
1478 2473 1597 2550 aoristi

450 2597 503 2672 vis
549 2594 676 2672 dilucet
723 2598 754 2669 11
802 2601 864 2688 60,
924 2621 955 2689 1,
1004 2597 1064 2671 ubi
1103 2597 1253 2673 Pericles
1293 2597 1388 2671 initio
1429 2597 1594 2672 orationis

451 2719 595 2793 habitae
622 2719 655 2792 in
682 2719 826 2793 comitiis
853 2745 876 2792 a
902 2745 944 2793 se
970 2720 1173 2795 convocatis
1199 2720 1268 2794 hoc
1291 2719 1390 2795 dicit:
1416 2725 1594 2810 ἐκκλησίαν
1667 2747 1672 2754 ’

452 2837 564 2921 τούτου
593 2837 686 2919 ἕνεκα
713 2844 959 2946 ξυνήγαγον
987 2843 1008 2917 i.
1024 2868 1057 2917 e.
1094 2842 1225 2937 „modo
1252 2839 1484 2917 convocavi’.
1518 2903 1522 2910 .

504 2965 633 3038 Restat
658 2978 697 3038 ut
722 2962 849 3063 loquar
876 2965 923 3038 de
951 2965 1076 3040 ceteris
1102 2964 1220 3039 aoristi
1247 2964 1368 3038 usibus
1393 2989 1486 3061 quos
1508 2979 1600 3038 trac·-

451 3086 580 3160 tandos
602 3086 685 3159 mihi
710 3088 853 3185 sumpsi.

505 3208 658 3282 Nomine
698 3209 854 3284 aoristi
890 3207 1228 3306 momentanei⁹)
1264 3206 1475 3306 complexus
1509 3235 1594 3282 sum

450 3329 635 3405 nonnullos
649 3331 798 3406 aoristos
812 3332 944 3429 quibus
958 3332 1173 3432 significatur
1186 3331 1361 3406 actionem
1381 3331 1515 3432 exigu
1526 3357 1549 3404 u
1558 3358 1595 3405 m

451 3453 758 3528 tantummodo
792 3454 1010 3551 temporis
1038 3454 1234 3552 spatium
1261 3455 1474 3546 durasse,
1504 3451 1591 3528 cele·

451 3576 532 3652 riter
565 3575 786 3674 praeterisse.
826 3576 1063 3674 Quamquam
1097 3577 1152 3650 hic
1180 3603 1332 3675 quoque
1358 3577 1517 3653 aoristus
1544 3577 1593 3652 ad

452 3698 687 3772 constativum
732 3698 907 3796 pertinere
954 3699 1018 3773 dici
1065 3713 1196 3796 potest,
1238 3714 1371 3787 tamen,
1417 3699 1503 3797 quia
1542 3699 1595 3774 vis

452 3820 657 3918 punctativa
692 3821 809 3896 aoristi
843 3821 898 3895 hic
934 3822 1078 3919 proprio
1114 3847 1222 3896 sensu
1259 3821 1279 3894 i.
1307 3847 1339 3896 e.
1369 3846 1476 3895 sensu
1504 3836 1594 3896 tem·

450 3942 563 4040 porali
588 3942 802 4040 exprimitur,
830 3942 1008 4041 peculiare
1035 3944 1222 4050 quoddam
1249 3943 1368 4018 aoristi
1394 3969 1513 4043 genus
1533 3943 1588 4017 hic

491 4173 517 4241 1)
536 4175 569 4224 cf.
590 4173 691 4239 Steupii
710 4188 771 4222 ann.
790 4171 822 4222 ad
839 4172 877 4221 VI
896 4170 938 4240 82,
960 4185 989 4222 1:
1009 4167 1174 4238 „menbratim
1192 4171 1238 4221 der
1256 4171 1304 4221 das
1323 4172 1390 4222 eben
1411 4170 1591 4236 eingetretene

452 4259 603 4310 Verhttltuis
620 4258 814 4309 bezeichnende
833 4255 922 4308 norist
940 4264 1002 4308 statt
1020 4259 1066 4309 des
1086 4256 1230 4309 Persekts.”

488 4344 517 4412 2)
536 4361 589 4410 quo
613 4344 742 4409 adjectivo
763 4360 824 4394 usus
842 4361 899 4395 sum
916 4352 1021 4396 auctore
1040 4346 1235 4411 Fonssmnuo,
1255 4345 1301 4411 qui
1320 4346 1348 4394 in
1367 4345 1590 4395 commentatione

452 4448 499 4483 sua
524 4434 582 4497 „De
605 4431 729 4482 infinitivi
753 4438 898 4498 temporum
921 4449 971 4482 usu
994 4431 1183 4497 Thucydideo”
1207 4431 1328 4499 (Studien
1352 4447 1397 4482 zur
1420 4431 1518 4498 griech.
1537 4431 1593 4481 und

452 4519 497 4570 lat.
523 4519 636 4569 Gramm.
659 4519 872 4584 herausgegeben
892 4536 944 4570 von
964 4519 1051 4586 Georg
1071 4519 1185 4587 Curtius,
1203 4519 1318 4570 sechster
1336 4519 1411 4570 Band
1433 4518 1513 4586 1873)
1532 4534 1590 4586 pes·

452 4607 501 4658 sim
519 4607 647 4657 actionem
665 4606 811 4657 aoristicam
837 4612 913 4656 vocat
933 4606 1079 4672 „actionem
1098 4604 1397 4657 momentaneam”.
