3770 5662
998 586 1047 662 74

446 777 514 887 γὰρ
542 778 714 861 ἔθαπτεν
743 775 861 871 αὐτοὺς
889 786 1030 882 νομιζων
1058 781 1090 856 ἐν
1115 794 1159 886 γῇ
1182 811 1220 870 τεΙ
1237 785 1326 882 φιλία
1349 778 1504 856 τιθέναι
1531 783 1590 855 καὶ

445 899 521 1009 παρ’
544 898 682 1006 οἷνδροῖσι
705 897 869 993 τοιούτοις,
892 901 954 974 ubi
978 900 1166 997 SteupiuS,
1189 899 1321 974 similia
1343 900 1391 974 de
1413 897 1590 974 hocloco

441 1026 614 1126 judicans
638 1050 681 1098 ac
705 1021 860 1098 deloco
884 1023 1054 1120 proxime
1077 1037 1250 1111 tractato,
1273 1037 1447 1097 annotat:
1477 1019 1591 1116 ,,ἐ’θαπ·

446 1180 497 1226 τεν
539 1147 673 1244 lmpf.
716 1161 884 1245 w'egen
935 1147 1020 1220 der
1071 1146 1337 1245 Beziehung
1385 1146 1472 1220 auf
1517 1146 1592 1220 die

448 1268 686 1345 dauernde
721 1269 948 1367 Wirkung
982 1269 1026 1342 in
1061 1269 1139 1342 der
1173 1267 1494 1343 Grabesruhe:
1523 1269 1592 1343 wie

452 1418 485 1484 2,
527 1413 588 1486 71,
628 1417 646 1464 2
684 1381 840 1470 οἷιτεδίδου
875 1390 1010 1470 οἰκεῑν”.
1050 1391 1310 1488 Imperfectum
1345 1391 1404 1464 hic
1440 1416 1592 1489 quoque

449 1513 790 1611 descriptivum
814 1513 979 1589 videtur:
1002 1539 1076 1588 non
1101 1515 1173 1588 hoc
1197 1512 1438 1588 Plataeenses
1453 1539 1592 1588 memo·

450 1663 533 1711 rare
561 1652 690 1709 curant
718 1637 1040 1710 Lacedaemonios
1069 1636 1132 1733 qui
1159 1633 1247 1709 olim
1271 1633 1372 1710 bello
1396 1637 1592 1709 Persarum

451 1759 649 1834 ceciderint
670 1785 693 1832 a
714 1784 805 1856 rege
828 1759 1011 1832 Pausania
1033 1756 1198 1855 sepultos
1218 1784 1313 1850 esse,
1330 1759 1397 1833 sed
1408 1759 1593 1857 judicibus

451 1881 761 1956 Lacedaemoniis
809 1882 845 1953 in
897 1881 1062 1954 animum
1104 1906 1284 1954 revocare
1325 1882 1477 1954 student
1519 1907 1594 1978 qua

452 2003 587 2077 fiducia
624 2002 710 2076 olim
749 2001 952 2076 Pausanias
990 2003 1314 2077 Lacedaemonios
1351 2019 1521 2077 mortuos
1557 2003 1594 2075 in

452 2151 546 2225 agro
576 2124 786 2200 Plataeensi
815 2123 987 2221 sepulcro
1016 2125 1281 2223 composuerit,
1309 2126 1438 2221 itaque
1462 2125 1595 2200 descri—

452 2248 550 2321 bitur
585 2247 666 2344 ipsa
700 2245 905 2344 sepeliendi
934 2247 1045 2338 actio,
1076 2272 1152 2343 quo
1182 2246 1224 2320 fit
1252 2262 1293 2320 ut
1320 2247 1434 2321 etiam
1463 2272 1595 2345 prae·

452 2370 599 2444 sentis
626 2369 828 2442 infinitivus
852 2369 1056 2467 (τιθέναι)
1084 2370 1133 2443 de
1157 2370 1292 2444 eadem
1314 2370 1462 2444 actione
1482 2368 1595 2468 paulo

454 2492 548 2566 infra
577 2507 786 2589 usurpetur,
817 2516 892 2565 non
921 2492 1061 2566 aoristi.

508 2615 560 2687 lV
609 2620 666 2706 16,
716 2639 729 2688 1
777 2615 966 2717 δεξαμένων
1008 2613 1044 2692 δὲ
1080 2629 1142 2692 τῶν
1179 2629 1368 2719 στρατηγῶν
1404 2616 1459 2694 τδν
1497 2613 1595 2716 λόγον

454 2739 672 2841 ἐγίγνοντο
700 2740 838 2816 σπονδαὶ
859 2741 979 2815 τοιαίδε
995 2737 1175 2834 (sequitur
1188 2737 1270 2834 ipsa
1284 2737 1509 2811 indutiarum
1524 2737 1597 2810 for-

455 2857 590 2956 mulal:
628 2858 804 2956 implecto
839 2861 1055 2963 ἐγίγνοντο
1091 2859 1248 2933 describi
1280 2874 1372 2957 puto
1402 2863 1595 2958 quomodo

454 2982 549 3055 inter
578 2981 902 3055 Lacedaemonios
931 2997 969 3054 et
998 2981 1250 3056 Athenienses
1278 2997 1363 3080 post
1391 2985 1496 3058 varia
1524 2982 1597 3058 col-

455 3101 582 3200 loquia
610 3103 763 3176 tandem
792 3102 958 3177 indutiae
987 3105 1248 3197 convenerint3
1278 3119 1408 3179 contra
1436 3121 1522 3203 post
1546 3106 1598 3179 in-

455 3225 642 3299 dutiarum
665 3223 866 3298 formulam
887 3222 1045 3298 relatam
1066 3225 1205 3300 factum
1229 3225 1443 3323 simpliciter
1458 3253 1598 3302 memo-

456 3362 558 3421 ratur
584 3347 725 3420 aoristo
755 3349 793 3444 (ἓ
823 3347 879 3442 3):
911 3351 946 3424 αἱ
972 3346 1032 3451 μὲν
1047 3351 1185 3426 οιτονδαὶ
1201 3350 1249 3427 ἐπὶ
1263 3343 1385 3441 τούτοις
1409 3351 1599 3454 ἐγένοντο

456 3477 551 3563 κτλ.;
589 3468 753 3543 similiter
788 3469 870 3565 ipsa
905 3469 1115 3565 paciscendi
1154 3471 1251 3545 actio
1289 3471 1508 3568 imperfecto
1538 3498 1599 3546 ex·

457 3592 563 3690 primi
606 3591 752 3665 videtur
795 3590 848 3663 lV
887 3597 950 3686 65,
993 3617 1011 3664 2
1049 3593 1288 3688 (ἐποιοῦντο
1325 3593 1385 3680 τὴν
1413 3587 1600 3699 Ιὁμολογίαν

462 3740 526 3809 „so
569 3712 760 3787 schlossen
798 3713 852 3787 sie
891 3740 965 3787 nun
1003 3713 1166 3788 wirklich
1201 3717 1261 3789 die
1299 3705 1598 3791 Ubereinkunst”

457 3837 528 3935 St.)
557 3853 596 3911 et
623 3837 712 3909 Vlll
746 3845 807 3932 36,
840 3861 858 3910 2
891 3839 963 3935 (καὶ
992 3833 1101 3931 ἄλλας
1132 3834 1193 3940 [sc.
1219 3837 1397 3942 ξυνθήκας]
1422 3837 1464 3919 ἔτι
1490 3853 1600 3947 Θηρα·

457 3960 576 4063 μένους
603 3958 760 4065 παρέντος
788 3962 964 4038 ἐποίουν·
995 3967 1051 4038 καὶ
1080 3963 1155 4039 εἰσίν
1184 3965 1296 4059 αἵδε.).

512 4082 565 4153 Vl
607 4106 668 4175 31,
713 4107 727 4155 1
769 4085 826 4161 καὶ
862 4083 894 4160 ἐν
928 4097 972 4190 τῷ
999 4083 1131 4186 παρέντι
1160 4099 1274 4192 καιρῷ,
1304 4089 1347 4178 ὡς
1374 4085 1440 4176 ἤδη
1466 4082 1601 4190 ἔμελλον

460 4199 543 4308 μετὰ
568 4203 730 4282 κινδύνων
756 4203 925 4297 οἷλλήλους
949 4203 1127 4293 οἷπολιπεῖν,
1155 4211 1286 4308 μᾶλλον
1315 4203 1432 4300 αὐτοὺς
1455 4211 1539 4313 εὀᾕει
1561 4205 1602 4288 rol

460 4321 550 4404 δεινδι
572 4327 593 4410 ιλ
617 4325 666 4404 ὅτε
688 4328 938 4432 ἐψηφίζοντο
958 4333 1068 4406 πλεῖνε
1091 4329 1403 4425 exspectabamus
1423 4331 1602 4405 aoristum

498 4511 584 4579 1)De
609 4510 759 4561 discrimine
783 4510 962 4562 coristicarum
986 4519 1012 4563 et
1038 4513 1257 4578 praesenticarum
1282 4515 1355 4564 verbi
1379 4511 1535 4579 ψηφίζεσθαι
1554 4517 1604 4567 for·

461 4615 560 4648 marum
580 4598 699 4664 pluribus
717 4595 816 4663 iufra§
838 4609 878 4647 11.
