3726 5656
821 575 870 648 ²3

274 779 475 861 spectatur,
510 765 719 840 adhibetur.
761 767 851 840 Loci
889 768 939 841 ab
973 767 1047 840 hoc
1074 792 1142 840 usu
1171 766 1418 842 abhorrentes

274 886 417 962 laudati
444 904 531 963 sunt
557 915 581 963 a
609 889 766 986 Steupio
794 889 844 963 ad
869 890 884 962 I
919 915 977 977 11,
1011 915 1030 962 2
1061 895 1088 968 εἰ
1114 933 1166 944 -
1192 890 1247 967 τὸν
1274 888 1416 991 πόλεμον

274 1011 473 1115 διέφερον.
504 1011 731 1110 Hujusmodi
761 1038 915 1110 quoque
942 1010 1045 1104 locis,
1075 1037 1198 1109 aeque
1226 1037 1270 1086 ac
1293 1010 1417 1084 multis

251 1131 365 1206 locis
392 1133 525 1230 quibus
552 1133 686 1232 plqpfti
716 1134 839 1209 Latini
869 1135 1063 1208 notionem
1091 1135 1232 1209 aoristo
1261 1133 1418 1232 exprimi

275 1263 518 1351 expectamus
554 1256 614 1352 (cs.
656 1284 691 1353 p.
734 1281 777 1330 21
817 1259 903 1354 sq.),
932 1256 1188 1352 imperfectum
1216 1253 1418 1330 insolenter

275 1402 345 1474 pro
368 1378 509 1452 aoristo
530 1379 741 1470 adhibetur,
761 1405 846 1452 cum
869 1379 1025 1475 scriptor
1040 1379 1228 1453 actionem
1242 1402 1416 1476 praesen-

275 1501 388 1574 ticam
415 1499 516 1574 clare
542 1499 623 1575 vult
649 1501 843 1598 effingere.
854 1502 881 1599 ¹)

331 1621 462 1696 Genus
484 1623 640 1697 actionis
662 1623 767 1720 quod
791 1624 896 1698 verbi
918 1623 1080 1699 formis
1102 1625 1418 1738 praesenticis

276 1745 492 1841 exprimitur
519 1745 670 1820 Curtius
696 1747 849 1820 vocavit
881 1747 977 1834 „die
1000 1745 1241 1822 dauernde
1266 1747 1417 1822 Hand·

276 1866 351 1940 lun
360 1865 427 1965 g''.
466 1867 582 1962 Quod
617 1893 757 1942 nomen
791 1869 829 1942 in
866 1869 1081 1943 universum
1118 1869 1209 1944 satis
1245 1884 1347 1944 recte
1374 1895 1416 1944 se

276 1990 412 2083 habet3
432 2015 565 2064 revera
579 2016 711 2065 omnes
725 1991 1017 2089 significationes
1031 1991 1198 2065 omnium
1211 1991 1417 2066 formarum

277 2137 376 2208 quae
413 2138 438 2186 a
465 2109 634 2186 themate
660 2115 868 2212 praesentis
894 2113 1107 2187 derivantur
1132 2113 1418 2210 quodammodo

277 2235 428 2308 nomine
463 2235 667 2309 actionis
690 2236 935 2311 durativae
956 2235 1223 2332 comprehendi
1246 2209 1416 2334 possimt.

277 2357 424 2430 Tamen
445 2358 656 2431 cavendum
678 2373 736 2432 est
757 2384 804 2432 ne
826 2359 908 2456 quis
922 2359 1099 2433 subsistat
1112 2359 1149 2431 in
1164 2359 1245 2456 ejus
1259 2360 1418 2433 nominis

277 2505 388 2553 sensu
412 2481 564 2577 proprio
586 2480 609 2553 i.
625 2505 659 2554 e.
683 2481 902 2578 temporali3
927 2507 1015 2555 nam
1037 2482 1183 2555 duratio
1202 2481 1418 2578 temporalis

279 2627 353 2676 una
388 2616 535 2675 tantum
572 2618 631 2676 est
665 2629 687 2677 e
723 2603 835 2678 variis
863 2603 1076 2679 notionibus
1103 2619 1182 2678 tam
1210 2607 1418 2702 praesentis

277 2749 391 2821 quam
415 2723 620 2821 imperfecti
644 2726 746 2824 quod
769 2751 839 2800 nos
862 2751 960 2800 nunc
983 2728 1202 2824 praesertim
1223 2753 1417 2820 curamns3

277 2846 370 2920 sicut
406 2847 547 2921 aoristo
584 2873 737 2945 quoque
766 2849 952 2923 actionem
980 2850 1235 2946 punctativam
1262 2850 1418 2947 exprimi

276 2970 329 3044 ita
363 2970 628 3044 tantummodo
659 2971 744 3070 jure
781 2971 923 3063 dicitur,
962 2973 992 3044 si
1029 2972 1113 3069 quis
1149 2973 1230 3070 ejus
1257 2972 1418 3046 nominis

277 3093 428 3166 sensum
464 3092 655 3188 proprium
693 3093 716 3167 i.
732 3119 766 3167 e.
803 3093 1052 3191 temporalem
1080 3118 1193 3167 unam
1220 3110 1368 3168 tantum
1394 3120 1418 3167 e

278 3212 402 3286 multis
436 3213 563 3287 aoristi
596 3213 929 3312 significationibus
964 3216 1147 3313 praebere
1175 3217 1416 3313 perspexerit.

274 3335 359 3431 Jam
373 3363 411 3408 v.
427 3335 463 3408 d.
480 3335 524 3408 C.
540 3335 600 3409 W.
618 3336 664 3413 E.
677 3338 830 3410 Mnnnn
843 3338 880 3411 in
896 3339 1211 3412 commentatione
1225 3364 1256 3411 c.
1269 3353 1295 3411 t.
1313 3337 1418 3425 „The

277 3457 473 3554 imperfect
500 3458 577 3530 and
604 3458 670 3532 the
697 3459 813 3533 aorist
839 3458 877 3532 in
906 3457 1061 3532 Greek''
1091 3458 1157 3555 (A.
1179 3460 1212 3555 J.
1242 3460 1283 3533 P.
1309 3459 1416 3551 XVI,

285 3581 398 3675 1895)
425 3605 463 3675 p.
499 3603 570 3673 143
599 3580 711 3654 dixit:
745 3581 852 3670 „The
875 3596 971 3655 term
993 3581 1205 3655 dauernd
1228 3582 1260 3655 is
1281 3579 1418 3680 utterly

277 3701 506 3798 inadequate
541 3717 582 3775 to
619 3727 773 3800 express
809 3706 875 3777 the
904 3702 1054 3777 various
1082 3728 1168 3776 uses
1195 3703 1239 3778 os
1260 3703 1326 3777 the
1352 3704 1417 3777 im·

277 3823 419 3920 perfect
445 3821 545 3896 etc'’.
575 3824 619 3898 ld
642 3827 746 3922 quod
770 3825 943 3900 omnibus
964 3825 1189 3922 imperfectis
1213 3828 1265 3924 (et
1286 3827 1418 3898 ceteris

277 3945 406 4020 formis
445 3949 702 4045 praesenticis)
744 3974 867 4046 aeque
902 3947 1132 4046 significatur
1168 3964 1226 4022 est
1262 3947 1418 4022 actionis

277 4066 515 4173 παροίτασις
543 4095 657 4166 quam
686 4071 827 4168 antiqui
856 4071 1031 4145 dicebant
1051 4072 1072 4144 i.
1097 4097 1130 4145 e.
1155 4069 1416 4167 extensiu⁹)‚

316 4252 343 4318 ι)
361 4253 435 4302 Idem
452 4252 540 4302 valere
559 4252 630 4316 apud
649 4251 863 4300 Herodotum
882 4257 992 4315 apparet
1011 4265 1043 4298 ex
1060 4249 1094 4298 iis
1110 4264 1177 4315 quae
1193 4248 1418 4314 haederedispu·

278 4340 342 4388 tavit
367 4342 400 4388 A.
424 4341 540 4388 Zhunnx
565 4341 607 4388 De
632 4338 780 4402 imperfecti
800 4345 880 4402 atque
897 4337 986 4386 aoristi
1004 4337 1075 4402 apud
1094 4336 1258 4386 Herodotum
1276 4351 1338 4402 usu3
1356 4337 1418 4386 diss.

278 4427 367 4490 inaug.
386 4426 463 4474 Halis
481 4426 615 4476 Saxonum
637 4423 713 4491 1882,
732 4441 759 4489 p.
780 4438 894 4487 22—24.

314 4513 343 4578 2)
361 4527 414 4576 qna
433 4527 496 4562 voce
516 4513 549 4562 ad
568 4513 622 4560 vim
641 4511 850 4576 praesenticarum
870 4511 1009 4561 formarum
1027 4509 1216 4575 designandam
1234 4509 1302 4559 bene
1316 4525 1362 4558 usa
1379 4517 1419 4560 est

280 4598 413 4649 winifred
436 4600 546 4650 Warren
570 4598 589 4648 l.
599 4599 618 4648 1.
636 4614 663 4664 p.
683 4610 712 4662 3:
734 4599 794 4663 „An
815 4598 901 4648 action
919 4613 977 4662 may
996 4599 1029 4647 be
1047 4596 1173 4676 regarded
1192 4612 1220 4646 as
1238 4595 1418 4647 extensive
