3770 5662
790 571 860 644 115

256 759 440 859 tangitur3
466 761 641 837 breviter
676 761 775 837 enim
813 763 872 838 hic
909 765 1128 842 enarrantur
1157 791 1203 841 ea
1232 767 1396 865 quaein

256 882 337 982 ipsa
379 882 540 958 Graecia
579 900 689 984 gesta
730 901 815 960 sunt
857 911 924 984 per
964 903 1114 985 tempus
1150 888 1398 986 expeditionis

256 1003 466 1081 Siciliensis.
496 1008 695 1082 Praeterea
718 1008 806 1083 mihi
829 1033 852 1083 e
874 1009 1061 1085 Vaticano
1084 991 1214 1085 codice
1237 1010 1398 1086 aoristus

256 1129 466 1208 ἐπέπλευσαν
488 1130 721 1228 recipiendus
742 1129 889 1207 videtur
910 1132 988 1206 VIII
1010 1157 1073 1227 44,
1101 1157 1122 1228 3
1139 1137 1168 1212 οἱ
1182 1131 1219 1212 δὲ
1233 1130 1396 1224 Ἀθηναῖοι

257 1245 345 1331 κατὰ
381 1250 436 1328 τὸν
473 1253 586 1357 καιρὸν
616 1261 727 1332 τοῦτον
754 1263 827 1346 ταῖς
855 1255 892 1332 ἐκ
917 1267 977 1347 ταῖς
1004 1251 1117 1361 Σάμου
1145 1257 1260 1335 ναυσὶν
1290 1255 1397 1334 αἰσθό·

255 1403 346 1476 μενοι
388 1373 638 1454 ἐπέπλευσαν
678 1374 739 1480 μὲν
773 1374 966 1482 βουλόμενοι
1003 1375 1123 1482 φθοίσαι
1160 1384 1232 1456 κτλ.
1272 1377 1397 1452 Ceteri

256 1493 404 1569 codices
440 1495 618 1571 exhibent
654 1493 810 1578 ἔπλευσαν
840 1500 943 1596 quod
971 1498 1042 1594 CI,
1073 1499 1214 1594 Herm,
1237 1495 1396 1574 Hudius

256 1616 293 1690 in
314 1631 458 1691 textum
481 1635 713 1716 receperunt,
736 1620 825 1718 quia
844 1621 888 1695 iis
907 1637 1034 1697 noster
1056 1622 1255 1697 videbatur
1274 1622 1397 1697 dicere

256 1738 419 1816 voluisse
456 1740 505 1816 nil
539 1742 607 1817 nisi
648 1769 787 1838 „naves
823 1742 1038 1820 solverant”
1075 1744 1148 1842 (CI.
1177 1744 1288 1820 vertit
1322 1743 1396 1838 „sie

222 1961 225 1967 Ι
257 1888 379 1938 waren
409 1907 459 1920 -
486 1890 563 1941 von
612 1864 748 1940 Samos
796 1865 1099 1965 ausgesegelt”);
1135 1866 1230 1966 mibi
1270 1880 1398 1941 autem

259 1988 374 2061 verba
411 1991 459 2066 ἐπὶ
495 1987 554 2076 τὴν
589 1985 701 2067 Ῥόδον
729 1989 988 2065 subaudienda
1017 2015 1100 2065 esse
1128 1989 1314 2080 videntur,
1342 1989 1395 2062 ita

257 2123 298 2183 ut
331 2109 558 2208 significetur
599 2137 704 2206 „cum
737 2113 895 2187 navibus
931 2111 1064 2187 infeste
1099 2111 1276 2186 Rhodum
1305 2108 1397 2208 peti-

258 2232 430 2320 verant’',
467 2233 530 2330 qui
565 2258 697 2308 sensus
734 2233 849 2333 vulgo
882 2235 1092 2334 composito
1120 2236 1292 2326 ἐπιπλεῖν,
1321 2256 1397 2306 non

256 2355 375 2430 verbo
398 2354 553 2454 simplici
575 2363 678 2450 πλεῖν,
702 2358 929 2455 exprimitur.
956 2356 1158 2454 (Aoristus,
1183 2380 1260 2430 non
1274 2353 1392 2453 impl,

257 2477 455 2552 adhibetur
519 2478 606 2577 quia
670 2479 793 2553 Latini
842 2479 1022 2578 pqusecti
1069 2479 1127 2553 vis
1176 2477 1392 2576 requiritur:

264 2599 550 2700 „petiverant”.)
580 2602 726 2697 Quibus
749 2602 895 2677 aoristis
916 2602 1131 2677 adiciendus
1153 2616 1212 2676 est
1231 2625 1311 2674 aor.
1335 2597 1399 2696 qui

259 2720 394 2819 legitur
442 2722 534 2796 VIII
586 2745 647 2819 55,
705 2750 719 2797 1
775 2727 984 2805 ἐπίπλουν
1033 2738 1074 2829 τῇ
1120 2721 1221 2828 Ῥόδῳ
1262 2723 1399 2808 ἐποιή-

259 2876 401 2939 σαντο,
443 2847 527 2938 ubi‚.
560 2871 681 2944 aeque
722 2873 767 2923 ac
807 2845 891 2922 loco
931 2845 1086 2922 laudato
1128 2845 1209 2919 VIII
1249 2867 1312 2939 44,
1359 2867 1395 2938 3,

260 2968 382 3045 obiter
416 2969 604 3067 expeditio
638 2986 879 3062 memoratur,
917 2995 994 3069 qua
1030 2967 1262 3068 digressione
1289 2966 1398 3041 inter·

259 3091 441 3191 rumpitur
475 3117 603 3166 cursus
636 3093 857 3167 narrationis
893 3090 1084 3190 amplioris
1121 3091 1171 3168 de
1207 3087 1397 3189 republica

262 3213 485 3289 Atheniensi
512 3213 640 3312 agenti
669 3241 753 3290 cum
782 3214 990 3290 Alcibiade.

262 3398 266 3406 .
315 3337 524 3436 Compositi
553 3337 815 3418 α’ντεπιπλεῖυ
838 3339 942 3437 impl.
967 3339 1115 3413 duobus
1137 3337 1284 3412 tantum
1307 3333 1399 3410 locis

260 3460 437 3538 occurrit:
460 3461 475 3533 I
498 3482 560 3556 50,
584 3486 608 3555 4
632 3476 672 3536 et
697 3483 759 3556 54,
787 3487 821 3554 2,
837 3461 971 3559 quibus
986 3460 1076 3536 Iocis
1090 3460 1170 3535 sine
1184 3458 1299 3534 dubio
1314 3475 1399 3532 cum

261 3582 344 3658 cod.
355 3583 607 3659 Laurentiano
617 3581 820 3682 legendum
831 3580 1400 3677 estotmnshleoanona’whleo

260 3707 364 3803 quod
393 3705 452 3781 alii
482 3706 629 3781 codices
657 3707 841 3805 praebent
868 3706 928 3804 (cf.
959 3731 1046 3781 ann.
1071 3705 1126 3780 St.
1149 3705 1237 3782 adl
1261 3723 1323 3798 50,
1346 3705 1397 3801 4).

314 3830 463 3904 Eodem
509 3829 588 3904 fere
628 3854 740 3904 sensu
784 3829 982 3904 adhibetur
1024 3827 1127 3928 impl.
1165 3827 1270 3901 verbi
1306 3825 1399 3905 οἷντ·

261 3949 500 4058 ανοίγεσθαι
529 3951 601 4049 (hic
629 3949 700 4026 illic
721 3952 843 4027 active
864 3949 1141 4056 ἀντανάγειν)
1163 3949 1265 4024 hisce
1287 3947 1398 4023 locis:

260 4073 695 4169 1V13‚4;V1137‚
735 4071 1398 4170 3³40‚3;52‚1;V11163,2;

265 4217 325 4293 79,
365 4202 412 4290 ὁ,
450 4200 512 4289 80,
557 4221 597 4289 13
639 4220 723 4290 104,
767 4221 798 4271 1.
838 4196 880 4269 In
916 4194 1001 4270 Ioco
1038 4195 1118 4268 VIII
1148 4198 1210 4282 80,
1246 4219 1259 4267 1
1292 4191 1399 4280 ἐπειδὴ

261 4319 398 4424 ἀθρόαις
432 4329 505 4412 ταῖς
540 4321 655 4398 ναυσὶν
689 4315 750 4397 οὐκ
786 4317 968 4424 ἀξιόμαχοι
1004 4324 1193 4422 νομίσαντες
1228 4313 1308 4395 εἶναι
1340 4311 1401 4394 οὐκ

260 4441 569 4548 ἀντανήγοντο,
605 4441 826 4546 οέπορῆσαντες
858 4442 970 4521 ὁπόθεν
996 4436 1170 4533 τοσαύταις
1196 4446 1291 4519 ναυσὶ
1317 4439 1401 4545 xpri·

260 4596 354 4670 ματα
382 4560 544 4659 ,ἕξουσιν
578 4570 650 4642 κελ.
674 4561 899 4640 ,Classenus
936 4560 1054 4654 nullo,
1078 4561 1209 4638 codice
1247 4575 1401 4638 auctore
