3770 5662
800 571 848 645 95

249 762 440 866 ἐπεκράτουν
462 779 521 857 τῆς
544 760 713 856 θαλοίσσης
734 765 791 842 καί
814 761 889 855 τοὺς
908 777 972 841 τῶν
997 769 1168 868 Κορινθίων
1187 760 1393 868 ξυμμάχους

249 888 444 979 ἐπιπλέοντες
472 883 649 991 ἔφθειρον
674 884 797 984 (lectio
817 885 1057 959 Laurentiani
1078 882 1236 990 ἔφθειρον
1258 881 1388 984 procul

250 1009 352 1085 omni
388 1009 502 1083 dubio
539 1008 673 1083 vitiosa
709 1024 767 1082 est
803 1033 926 1106 neque
964 1008 1011 1081 ab
1046 1006 1122 1081 ullo
1160 1007 1303 1082 editore
1333 1021 1390 1080 est

250 1134 435 1230 recepta);
470 1131 637 1206 similiter
673 1132 725 1205 ΙΙΙ
755 1135 816 1225 85,
847 1155 890 1225 43
922 1155 984 1224 93,
1018 1156 1058 1223 23
1088 1132 1136 1205 ib.
1170 1155 1189 1225 3
1220 1128 1257 1209 ori
1283 1129 1393 1233 μέντοι

251 1253 369 1340 ἥκιστα
406 1258 436 1332 οἱ
471 1249 626 1359 σ’ίρχοντες
662 1250 768 1332 αὐτῶν
796 1268 859 1330 τῶν
886 1255 1161 1355 Λακεδαιμονίων
1190 1257 1219 1330 οἱ
1242 1248 1394 1356 οίφικνοθ-

250 1408 341 1482 μενοι
367 1371 408 1454 τδι
435 1373 618 1481 πράγματα
645 1373 824 1481 ἔφθειρον
853 1376 875 1449 i.
892 1401 925 1449 e.
955 1375 1011 1469 „in
1034 1400 1093 1449 res
1117 1374 1393 1450 Heracleenses

251 1497 517 1590 insultabant”,
556 1525 632 1597 quo
669 1496 754 1573 loco
788 1497 1045 1596 imperfectum
1077 1513 1227 1596 praeter
1253 1497 1394 1596 signifi·

170 1693 180 1710 ,
252 1622 437 1697 cationem
459 1622 673 1696 conativam
695 1620 809 1696 etiarn
833 1620 1024 1695 notionem
1046 1621 1257 1696 iterativam
1278 1621 1395 1696 habet

165 1840 171 1849 .
252 1744 510 1842 (respiciuntur
537 1744 777 1843 magistratus
806 1743 1096 1818 Lacedaemonii
1125 1744 1188 1842 qui
1217 1743 1394 1841 deinceps

254 1866 481 1942 Heracleam
522 1866 859 1964 administrabant),
894 1867 988 1941 sicut
1021 1866 1204 1964 prioribus
1243 1892 1397 1965 quoque

253 2015 349 2088 quos
375 1988 527 2064 laudavi
554 1987 645 2064 locis
671 1989 929 2087 imperfectum
953 1986 1061 2062 simul
1085 2004 1142 2063 est
1162 1989 1394 2084 iterativum3

253 2111 306 2185 VI
356 2137 417 2207 34,
461 2116 483 2186 8
526 2115 663 2204 δικαίως
704 2113 942 2216 κατεγνωκότες
983 2111 1029 2189 ἔτι
1072 2107 1192 2202 αὐτοὺς
1233 2107 1270 2188 οὐ
1311 2107 1395 2215 μετὰ

253 2237 528 2339 Λακεδαιμονίων
555 2237 789 2339 ἐφθείραμεν
825 2259 959 2332 „quam
982 2232 1194 2331 opinionem
1219 2233 1268 2308 de
1288 2234 1395 2307 nobis

248 2357 332 2456 jure
367 2381 412 2430 ac
447 2356 580 2431 merito
617 2373 871 2455 conceperunt
898 2383 947 2431 ex
974 2381 1032 2445 eo,
1064 2356 1167 2454 quod
1195 2356 1396 2452 perdere

254 2505 332 2555 eos
366 2503 452 2553 non
490 2480 773 2554 conabamur
807 2478 915 2554 simul
943 2505 1028 2554 cum
1057 2477 1393 2553 Lacedaemoniis‘'

254 2600 376 2701 (,‚weil
411 2601 478 2676 wir
508 2602 628 2676 nichts
654 2629 698 2676 zu
726 2603 824 2677 ihrer
852 2602 1068 2701 Besiegung
1095 2616 1212 2699 getan
1239 2600 1391 2676 haben''

254 2724 337 2822 St).
377 2723 518 2798 Passivi
555 2749 708 2822 quoque
741 2724 845 2822 impf.
874 2724 1013 2823 ubique
1041 2724 1113 2798 hoc
1141 2748 1253 2798 sensu
1282 2748 1392 2798 eona·

254 2847 333 2924 tivo
356 2845 513 2921 occurrit
527 2849 584 2944 (=
599 2843 832 2952 βλοίπτεσθαι);
859 2847 874 2920 Ι
900 2871 933 2938 2,
950 2871 996 2940 43
1013 2846 1065 2920 111
1082 2870 1144 2938 92,
1165 2845 1340 2941 33V52,
1362 2872 1393 2921 1.

255 2968 463 3068 Compositi
500 2971 757 3074 διαφθείρειν
794 2970 896 3067 impf.
932 2970 1147 3044 conativum
1184 2984 1289 3044 extat
1316 2984 1396 3043 tan-

254 3092 449 3168 tummodo
485 3091 522 3165 V
559 3111 620 3187 72,
662 3115 682 3186 3
720 3098 778 3171 καὶ
814 3093 994 3185 ἐσπεσόντες
1031 3096 1061 3170 οἱ
1101 3087 1270 3185 Μαντινεῖς
1310 3089 1403 3171 κατὰ·

254 3217 289 3294 τδ
327 3212 476 3295 διοίκευον
513 3221 570 3293 καὶ
603 3210 640 3292 οὐ
668 3213 872 3321 ξυγκλφσθέν
900 3212 975 3307 τοὺς
1001 3217 1286 3317 Λακεδαιμονίους
1314 3214 1397 3292 διί-

255 3344 432 3444 φθειρον,
471 3337 574 3437 quod
610 3335 714 3434 impf.
749 3335 806 3412 Cl.
845 3352 947 3412 recte
982 3337 1111 3411 vertit:
1154 3336 1228 3431 „sie
1266 3337 1396 3412 thaten

255 3462 366 3536 ihnen
394 3485 550 3561 grossen
580 3457 795 3533 Schaden'’.

310 3584 372 3658 De
406 3581 603 3680 compositi
639 3584 826 3686 διαφθείρειν
857 3580 1084 3680 imperfectis
1113 3579 1293 3656 iterativis
1321 3580 1396 3656 vid.

256 3731 369 3804 supra
396 3707 419 3802 ἐ
446 3729 464 3778 2
491 3730 527 3802 p.
558 3708 621 3796 64.
651 3701 864 3777 Deformis
891 3703 1012 3777 dubiis
1039 3701 1154 3808 ἔφθειρε
1182 3717 1220 3778 et
1246 3697 1398 3808 διέφθειρε

256 3830 302 3906 cf.
332 3828 426 3902 infra
453 3830 477 3924 ξ
508 3832 568 3901 26.

311 3950 365 4025 Ut
392 3975 505 4048 supra
533 3949 584 4046 (p.
617 3950 681 4046 28)
709 3946 878 4036 diximus
917 3973 963 4023 ea
996 3973 1148 4045 quoque
1179 3946 1399 4046 imperfecta

257 4099 356 4173 quae
393 4073 556 4147 indicant
592 4071 636 4145 in
678 4097 733 4144 eo
776 4071 918 4145 fuisse
959 4085 1007 4145 ut
1043 4068 1221 4168 aliquid
1258 4071 1400 4146 fieret

256 4196 433 4271 conativa
471 4194 542 4268 dici
580 4207 748 4291 possunt.
786 4193 904 4294 Cujus
937 4192 1143 4292 imperfecti
1181 4219 1268 4268 usus
1304 4193 1399 4268 haec

257 4316 432 4417 exempla
460 4317 640 4392 afferam:
1395 4341 1398 4344 ·

263 4471 268 4513 :
310 4443 361 4516 III
407 4466 468 4535 24,
513 4437 847 4537 3¹(Plataeenses)
888 4440 1023 4543 κήρυκα
1063 4432 1294 4544 ἐκπέμψαντες,
1336 4440 1401 4516 ἐπεὶ

256 4566 367 4671 θμίρα
408 4564 541 4668 ἐγένετο,
575 4560 822 4641 ἐσπένδοντο
857 4561 907 4660 (in
946 4557 1071 4636 animo
1098 4561 1310 4637 habuerunt
1337 4586 1399 4658 pa-
