3770 5662
987 529 1058 601 108

504 743 546 816 In
587 740 670 816 loco
713 740 768 814 VI
813 744 874 837 78,
917 766 942 835 4
983 735 1074 846 άπερ,
1119 745 1146 819 εἰ
1184 743 1216 834 ἐς
1255 741 1315 830 τὴν
1357 750 1589 848 Καμαριναίαν

449 879 573 970 πρῦτου
609 864 762 968 άφίκοντο
800 867 829 942 οἱ
865 858 1041 956 Ἀθηναῖοι,
1079 864 1224 968 tetum
1251 863 1293 944 ἂν
1321 866 1590 947 ἐπικαλεῖσθε

450 988 595 1084 (,‚sicut,
620 987 650 1061 si
674 1012 807 1085 agrum
832 985 1139 1060 Camarinensem
1163 986 1323 1084 primum
1338 986 1590 1063 Athenienses

449 1109 683 1196 invasissent,
709 1133 777 1182 nos
806 1107 1230 1207 advocavissetis’')
1259 1108 1439 1183 aoristum
1463 1111 1589 1207 (ἐπεκα-

450 1232 598 1331 λέσασθε)
635 1231 758 1330 potius
792 1230 1104 1327 exspectabamus
1140 1231 1345 1304 secundum
1383 1257 1450 1306 eas
1484 1230 1590 1332 leges

451 1380 549 1453 quae
586 1355 623 1427 in
661 1352 859 1428 enuntiatis
887 1352 1138 1451 hypotheticis
1165 1350 1295 1428 valent
1322 1352 1380 1451 (cs.
1411 1380 1524 1452 supra
1550 1382 1586 1453 p.

451 1503 500 1552 22
530 1480 626 1576 sq.);
654 1475 911 1573 imperfectum
939 1490 1065 1549 autem
1092 1475 1151 1548 hie
1179 1477 1347 1575 usurpari
1374 1478 1522 1552 videtur
1550 1494 1590 1553 ut

450 1601 547 1676 actio
584 1598 819 1699 praesentiea
856 1598 893 1700 (i.
917 1623 951 1674 e.
981 1597 1038 1672 vis
1065 1598 1337 1697 exspectativ'a)
1365 1600 1488 1699 magis
1515 1599 1589 1676 elu-

451 1738 535 1800 ceat
562 1721 650 1820 (vid.
680 1720 844 1818 ibidem).

455 1875 458 1882 ’
504 1846 581 1942 (De
609 1843 731 1918 activo
759 1844 920 1922 ἐπικαλεῖν
955 1842 1115 1937 „crimini
1143 1842 1259 1917 dare‘’
1286 1843 1360 1917 vid.
1386 1844 1480 1921 insta
1504 1848 1528 1943 ἓ
1551 1849 1589 1946 7)

504 1967 620 2044 Verbi
647 1970 951 2072 προκαλεῖσθαι
980 1963 1096 2039 semel
1125 1964 1382 2064 imperfectum
1411 1969 1588 2044 occurrit:

452 2092 505 2182 IV
547 2116 608 2192 22,
649 2115 669 2185 3
708 2097 841 2195 ὁρῶντες
878 2085 914 2166 δὲ
950 2091 979 2166 οἱ
1013 2087 1272 2192 Λακεδαιμόνιοι
1299 2085 1374 2181 τοὺς
1402 2085 1590 2192 Ἀθηναίους

451 2196 539 2314 (οὐκ)
585 2216 634 2291 ἐπὶ
674 2218 811 2317 μετρίοις
850 2212 1044 2302 ποιήσοντας
1086 2203 1109 2288 ἃ
1149 2217 1463 2314 προυκαλοῦντο
1499 2213 1521 2293 i.
1554 2239 1587 2292 e.

457 2363 525 2432 „ea
566 2362 664 2435 quae
704 2333 996 2409 Atheniensibus
1036 2330 1343 2430 proponebant'’:
1388 2332 1489 2430 imps.
1533 2350 1590 2412 est
1632 2319 1635 2326 ”

451 2457 758 2558 exspectativum.
804 2455 1029 2531 indicativus
1063 2455 1189 2530 aoristi
1226 2454 1335 2530 solito
1373 2481 1477 2532 more
1515 2457 1590 2533 vim

451 2580 700 2657 constativam
728 2579 864 2653 habet:
895 2579 928 2651 II
959 2598 1021 2674 72,
1056 2602 1069 2651 1
1105 2573 1183 2683 άπερ
1211 2585 1268 2656 καὶ
1294 2577 1331 2656 τὸ
1357 2578 1506 2684 πρότερον
1526 2579 1592 2671 ἤδη

449 2701 822 2810 προυκαλεσάμεθά
837 2701 929 2799 (aor.
940 2699 1052 2776 resen
1067 2700 1212 2804 adflante
1222 2698 1429 2800 proposita)
1442 2736 1451 2796 3
1464 2701 1516 2774 ΙΙΙ
1534 2727 1591 2797 13,

457 2851 471 2900 1
504 2835 560 2904 νῦν
588 2823 625 2904 δὲ
652 2823 759 2912 ἐπειδὴ
789 2829 916 2901 Βοιωτοὶ
944 2823 1305 2927 προυκαλέσαντο,
1334 2818 1426 2915 εὐθὺς
1453 2819 1593 2915 ν’πηκοὺ·

452 2980 555 3052 σαμεν
584 2946 744 3044 (aoristis
771 2945 929 3020 refertur
952 2944 1001 3018 ad
1025 2969 1070 3018 ea
1095 2969 1193 3040 quae
1219 2944 1333 3018 modo
1356 2944 1457 3019 facta
1480 2948 1591 3045 sunt).

505 3069 620 3144 Verbi
652 3074 917 3175 παρακαλεῖν
951 3066 1208 3165 imperfectum
1246 3065 1382 3164 legitur
1416 3068 1431 3141 1
1467 3073 1528 3164 67,
1575 3095 1587 3143 1

450 3189 715 3297 παρεκάλουν
735 3223 768 3269 τε
789 3186 882 3283 εὐθὺς
902 3191 933 3282 ἐς
954 3188 1013 3276 τὴν
1033 3191 1276 3291 Λακεδαίμονα
1297 3186 1371 3282 τοὺς
1392 3188 1595 3296 ξυμμάχους

452 3317 542 3414 (,‚ad
565 3314 779 3388 contionem
803 3311 1106 3410 convocabant”)
1127 3325 1166 3385 et
1190 3311 1222 3384 ΙΙ
1240 3317 1303 3406 96,
1323 3336 1341 3385 2
1367 3310 1595 3415 παρεκάλει

454 3438 697 3537 (advocabat)
738 3433 774 3514 δὲ
812 3440 869 3514 καὶ
904 3449 968 3513 τῶν
1004 3437 1130 3539 ὀρεινῶν
1168 3445 1309 3540 Θρᾳκῶν
1345 3432 1487 3528 πολλοὺς
1521 3442 1593 3517 κτλ.

454 3560 678 3643 indicativus
701 3557 828 3634 aoristi
852 3558 933 3656 ejus
956 3557 1061 3631 verbi
1085 3555 1220 3656 legitur
1242 3556 1278 3628 V
1306 3581 1368 3651 30,
1396 3582 1415 3631 2
1442 3558 1596 3633 notione

453 3681 632 3782 plqpsecti
669 3681 792 3755 Latini
829 3680 1019 3778 praeditus
1048 3675 1363 3785 (captavimus
1378 3713 1420 3742 =
1435 3680 1596 3757 advoca·

452 3807 601 3904 verant)
647 3818 685 3878 et
726 3804 741 3877 I
785 3806 847 3895 68,
889 3828 908 3876 2
948 3798 1037 3901 (αλλ’
1073 3800 1180 3888 ἐπειδὴ
1217 3805 1251 3880 ἐν
1286 3816 1330 3910 τῷ
1367 3799 1447 3907 ἔργῳ
1486 3805 1594 3906 ἐσμέν,

443 3909 528 4021 ’τοὺς
577 3923 779 4031 ξυμμάχους
825 3921 939 4005 τνάσδε
981 3957 1034 4004 πα
1042 3926 1298 4030 ρεκαλέσατε
1345 3925 1416 4019 „ad
1457 3928 1596 4001 contio-

455 4074 542 4123 nem
586 4047 860 4145 eonvocastis'’)
908 4046 957 4120 ad
1001 4047 1039 4120 id
1074 4047 1176 4144 quod
1213 4047 1328 4121 modo
1364 4047 1504 4122 sactum
1540 4063 1597 4125 est

453 4171 628 4246 referens.

508 4292 634 4367 Etiam
681 4291 786 4366 verbi
831 4287 1134 4397 πρεσβεύεσθαι
1177 4290 1367 4390 („legatos
1410 4294 1595 4385 mittere'',

460 4441 548 4513 „per
575 4412 724 4513 legatos
753 4413 909 4512 agere’')
938 4413 1141 4488 formarum
1169 4415 1486 4512 praesenticarum
1514 4441 1596 4514 pro·

452 4539 532 4640 pria
569 4553 626 4613 est
654 4537 756 4612 notio
785 4535 1054 4638 exspectativa,
1085 4561 1183 4640 quae
1211 4534 1309 4616 clare
1337 4534 1459 4616 elucet
1486 4538 1523 4616 in
1553 4539 1596 4616 iis
