3770 5662
835 559 882 651 85

342 771 448 870 Ergo
463 766 725 850 locutioxutd
745 767 876 876 τάχος
897 797 929 846 c.
946 771 1066 870 imps.
1089 775 1146 864 18,
1162 771 1279 846 c.ind.
1297 796 1427 863 aor.9

523 889 915 1026 ,ιδιᾶτᾶχουῃ
994 955 1009 989 „
1082 919 1118 987 4,
1169 955 1184 989 „
1236 955 1251 989 „
1329 954 1344 988 ‚‚
1406 915 1425 989 5

290 1017 460 1092 occurrit.

343 1134 452 1218 κατὰ
480 1139 666 1223 σπουδήν
695 1164 780 1211 cum
810 1139 934 1237 imps.
965 1136 1082 1214 semel
1106 1153 1250 1214 tantum
1275 1136 1428 1236 legitur:

293 1263 344 1335 ΙΙΙ
375 1286 438 1356 49,
472 1287 490 1334 2
522 1260 599 1358 (ubi
627 1261 740 1334 etiam
769 1257 861 1354 εὐθύς
888 1261 1098 1359 invenitur).

344 1380 450 1463 κατὰ
477 1385 665 1469 σπουδήν
694 1409 779 1456 cum
809 1385 979 1458 aoristi
1007 1384 1081 1458 ind.
1107 1383 1196 1458 item
1211 1380 1327 1457 semel
1341 1380 1431 1481 legi·

291 1521 368 1581 tur:
399 1506 414 1579 l
446 1531 509 1600 93,
541 1529 574 1578 2.

344 1629 417 1708 ὑπὸ
444 1630 628 1721 σπουδῆς
656 1653 741 1701 cum
770 1627 896 1727 impl.
927 1628 984 1704 bis
1012 1629 1186 1704 occurrit:
1218 1628 1269 1702 ΙΙΙ
1298 1652 1359 1723 33,
1387 1651 1430 1721 33

291 1751 327 1823 V
357 1756 419 1842 66,
451 1775 470 1824 2
502 1751 594 1847 (quo
623 1747 707 1825 loco
737 1751 850 1825 etiam
879 1747 972 1844 εὐθύς
999 1750 1160 1850 legitur).
1187 1751 1232 1824 Ei
1256 1748 1431 1825 locutioni

293 1899 385 1948 aor.
415 1872 490 1947 ind.
521 1898 709 1971 nusquam
740 1872 937 1972 adjunctus
966 1890 1033 1949 est.
1260 1866 1264 1874 ’

345 1993 501 2075 αὐτίκα
517 2020 602 2069 cum
624 1994 748 2094 imps.
773 1996 830 2070 bis
844 1996 1017 2072 occurrit:
1035 1997 1088 2070 Ill
1104 2021 1164 2088 22,
1183 1996 1376 2091 53Vll60,
1396 2019 1429 2068 2.

297 2175 300 2180 ⁷
420 2179 434 2213 „
553 2180 568 2214 „
620 2142 710 2193 aor.
741 2116 816 2192 ind.
846 2117 963 2193 semel
991 2117 1141 2216 legitur:
1171 2118 1225 2191 IV
1257 2141 1317 2212 30,
1350 2123 1384 2191 6.

347 2242 408 2315 De
436 2240 619 2341 ejusmodi
647 2241 803 2314 vocibus
832 2241 933 2339 apud
962 2240 1205 2338 Polybium
1238 2239 1317 2320 sive
1346 2265 1430 2312 cum

295 2362 512 2462 imperfecto
535 2364 614 2438 sive
635 2388 719 2436 cum
739 2363 926 2436 indicativi
942 2364 1082 2437 aoristo
1097 2361 1303 2461 conjunctis
1316 2360 1432 2435 fusius

294 2486 372 2582 egit
392 2512 428 2560 v.
445 2512 477 2560 c.
502 2486 545 2560 F.
571 2483 732 2560 Hultsch
754 2485 790 2558 in
813 2510 927 2583 opere
948 2484 1102 2559 laudato
1124 2512 1159 2582 p.
1182 2505 1231 2580 47
1256 2510 1354 2582 sqq.‚
1370 2484 1432 2557 ubi

296 2623 454 2706 apparet
491 2608 592 2706 apud
628 2605 824 2704 Polybium
862 2634 946 2681 cum
974 2608 1158 2707 ejusmodi
1186 2605 1433 2680 locutionibus

294 2729 438 2826 imperf.
468 2745 506 2805 et
534 2729 660 2805 aoristi
688 2728 927 2804 indicativum
956 2730 1034 2804 fere
1063 2753 1186 2826 aeque
1218 2729 1433 2826 frequenter

294 2877 460 2928 rnvenrn.

441 3365 465 3460 ξ
495 3385 529 3459 5.
559 3363 631 3437 De
668 3360 960 3460 imperfecto
997 3361 1285 3461 conativo¹).

349 3592 446 3667 Cum
481 3591 782 3689 imperfectorum
820 3617 919 3689 quae
947 3592 996 3666 ad
1024 3607 1199 3667 conatum
1228 3590 1434 3689 significan·

292 3715 385 3789 dum
423 3714 646 3788 adhibentur
682 3715 739 3788 vis
776 3714 949 3789 conativa
989 3713 1209 3812 plerumque
1244 3713 1384 3789 oriatur
1413 3741 1435 3789 e

292 3837 480 3915 radicibus
503 3837 703 3910 verborum
726 3837 775 3911 ad
799 3862 898 3933 quae
921 3835 983 3911 illa
1004 3837 1221 3934 imperfecta
1236 3838 1434 3934 pertinent,

296 3959 476 4058 pleraque
527 3957 700 4056 exempla
741 3959 946 4057 imperfecti
988 3960 1150 4034 conativi
1191 3959 1436 4057 Thucydidea

296 4082 403 4173 infra,
439 4108 523 4156 cum
560 4082 608 4156 de
644 4082 780 4174 verbiS,
820 4108 979 4180 quorum
1016 4082 1173 4156 themati
1201 4083 1435 4180 praesentico

295 4203 352 4278 vis
379 4204 555 4277 conativa
582 4203 688 4296 inest,
714 4204 848 4297 dicam,
870 4205 1052 4278 tractabo.
1080 4204 1189 4277 Nunc
1213 4204 1436 4301 paucissima

295 4324 481 4424 exempla,
506 4352 605 4424 quae
628 4327 697 4400 sub
722 4324 811 4400 illud
833 4352 954 4425 genus
979 4352 1055 4400 non
1082 4326 1231 4420 cadunt,
1252 4325 1434 4401 laudabo:

288 4495 508 4514 ,-..-..-.

297 4629 299 4636 ·
337 4603 363 4671 1)
382 4602 423 4652 Cf.
441 4619 520 4669 supra
538 4619 564 4669 p.
584 4616 617 4666 27
638 4619 677 4668 sq.
