3770 5662
820 559 891 638 117

279 753 360 862 γοὺς
401 752 680 868 ἕτῃτισίσαντσ
721 754 767 834 ὅτι
808 750 884 836 ι’ίνεν
927 751 1032 834 αὐτῶν
1074 754 1259 860 ξυνέβησαν
1286 797 1339 810 -
1367 760 1424 835 καῖ

280 874 408 983 ὕστερον
445 881 592 972 εἰτοίκσνς
627 884 751 959 ἑαυτῶν
779 874 926 983 ἔπεμψαν
954 879 986 971 ἐς
1013 876 1072 965 τὴν
1103 879 1298 956 Ποτείδαιαν
1327 885 1421 957 κτλι

281 1000 420 1076 aoristo
458 1000 668 1077 constativo
705 1000 764 1073 hic
801 997 906 1073 locus
935 1014 1004 1090 est,
1036 999 1123 1096 quia
1151 998 1304 1073 strictim
1334 1025 1423 1075 nun-

281 1123 418 1197 tiantur
452 1147 499 1196 ea
535 1148 634 1219 quae
670 1122 922 1196 Athenienses
959 1121 1155 1196 obsidione
1191 1136 1345 1218 peracta
1373 1124 1421 1199 de

282 1270 328 1319 ea
362 1270 402 1319 re
440 1244 658 1343 cogitabant
695 1270 870 1343 quaeque
906 1243 1076 1319 fecerunt
1105 1244 1308 1319 Potidaeae
1337 1271 1422 1321 con-

283 1367 459 1442 tinendae
487 1392 612 1442 causa.

337 1489 426 1564 VIII
476 1494 537 1583 81,
583 1514 602 1563 2
646 1489 822 1594 γενομένης
862 1487 899 1568 di
940 1491 1119 1582 ἐκκλησίας
1158 1489 1220 1574 τήν
1261 1521 1293 1567 τε
1337 1495 1426 1571 ἰδίαν

284 1608 454 1718 ξυμφορὰν
494 1608 749 1722 ἐπῃτιάσατο
789 1625 848 1705 τῆς
889 1625 993 1717 φυγῆς
1035 1614 1092 1690 καί
1134 1610 1369 1718 αίνωλσφῦρατσ
1408 1623 1428 1692 α’

285 1729 499 1841 Ἀλκιβιάδης
527 1737 584 1814 καὶ
611 1736 678 1840 περὶ
706 1750 769 1814 τῶν
796 1741 967 1814 πολιτικῶν
990 1729 1098 1812 πολλὰ
1121 1732 1214 1813 εἰιτιλν
1238 1738 1270 1829 ἐς
1292 1738 1428 1830 ελιτίδας

286 1853 406 1949 αὐτοὺς
446 1847 587 1962 σμικραῖς
622 1871 685 1934 τῶν
719 1856 905 1962 μελλόντων
941 1862 1118 1946 καθίστη
1156 1863 1250 1936 κτλ.;
1288 1858 1428 1933 aoristo

285 1977 501 2077 usurpando
538 1992 665 2052 noster
692 1978 816 2076 priora
844 1993 975 2076 utpote
1003 1977 1146 2053 leviora
1172 1978 1337 2055 breviter
1364 1981 1428 2055 ab

285 2100 408 2190 solvit,
437 2117 477 2174 ut
504 2098 672 2175 celeriter
699 2115 867 2176 transeat
895 2102 945 2177 ad
973 2125 1019 2175 ea
1044 2126 1142 2198 quae
1166 2116 1253 2176 sunt
1277 2102 1429 2202 majoris

286 2222 474 2323 ponderis,
503 2247 602 2320 quae
630 2222 850 2321 imperfecto
878 2222 1121 2322 designantur
1150 2226 1194 2317 (ἐς
1221 2226 1357 2320 ελιτίῖας
1376 2270 1428 2281 -

287 2341 460 2444 καθιστη);
495 2345 599 2443 quod
627 2344 741 2420 etiam
769 2345 821 2420 sic
849 2345 1004 2444 exprimi
1032 2361 1200 2443 poterat:
1230 2391 1282 2402 -
1310 2349 1430 2428 ἐπαι·

286 2465 535 2574 τιασιίμενος
563 2473 619 2548 καί
648 2465 929 2574 σῖνολσφυρσίμενσς
958 2513 1010 2524 -
1039 2474 1188 2559 καθίστη.

341 2591 604 2690 Compositum
644 2597 990 2686 ξυνεταιτιᾱσθαι
1027 2606 1132 2666 extat
1167 2593 1428 2668 tantummodo

288 2715 303 2788 I
338 2736 425 2817 135,
457 2738 475 2786 2
506 2712 619 2811 idque
648 2714 717 2787 sub
748 2712 952 2812 imperfecti
980 2715 1112 2789 forma.

342 2837 566 2937 (Compositi
594 2843 899 2918 καταιτιᾶσθαι
926 2836 1043 2913 semel
1073 2834 1136 2940 [III
1166 2862 1229 2932 42,
1262 2835 1295 2941 3]
1325 2838 1427 2936 imps.

289 2960 447 3036 occurrit
475 2960 588 3058 idque
617 2959 654 3033 in
682 2961 876 3036 enuntiato
904 2960 1175 3059 hypothetico.)

343 3082 458 3157 Verbi
495 3085 689 3187 ἐγκαλεῖν
724 3082 885 3177 „crimini
914 3083 1028 3159 dare''
1059 3084 1135 3158 non
1163 3081 1259 3159 aliae
1286 3082 1431 3159 formae

289 3206 358 3281 nisi
398 3204 615 3303 imperfecta
656 3205 904 3299 inveniuntur,
948 3231 1084 3303 nempe
1125 3206 1226 3281 hisce
1268 3204 1376 3280 locis:
1415 3198 1430 3280 I

293 3325 354 3425 τε,
391 3328 512 3422 131V
547 3353 633 3424 123,
668 3328 1117 3424 13V46‚3;V153‚
1152 3353 1182 3404 1·

343 3446 461 3525 Verbi
502 3452 720 3530 ἐπικαλεῖν
762 3451 927 3549 (active),
971 3452 1074 3550 quod
1121 3451 1222 3549 apud
1263 3465 1431 3524 nostrum

291 3572 438 3671 ubique.
471 3574 607 3648 eodem
648 3599 760 3648 sensu
802 3599 878 3672 quo
916 3576 1066 3678 ἐγκαλεῖν
1108 3573 1317 3665 adhibetur,
1355 3572 1430 3648 ind.

292 3695 370 3773 aor.
410 3721 485 3771 non
522 3695 670 3794 legitur,
703 3697 806 3796 imps.
835 3695 953 3771 semel
981 3696 1032 3794 (V
1063 3701 1125 3791 56,
1157 3699 1194 3794 2)
1222 3693 1390 3771 occurrit.
1405 3696 1433 3794 1)

345 3818 461 3894 Verbi
490 3828 741 3926 κατηγορεῖν
771 3819 928 3894 aoristus
955 3819 1108 3893 omnino
1137 3842 1211 3893 non
1235 3815 1431 3910 invenitur,

293 3943 362 4018 sed
394 3967 412 4016 2
443 3942 545 4041 imps.
576 3958 648 4020 act.
679 3956 717 4018 et
748 3966 768 4015 2
798 3942 901 4041 imps.
932 3943 1031 4040 pass.
1062 3956 1271 4016 occurrunt.

307 4157 455 4171 ——d

333 4283 360 4352 ι)
378 4284 419 4334 De
439 4283 528 4333 medio
548 4277 723 4329 emunaetas
741 4279 804 4346 („ad
822 4296 850 4330 se
868 4276 993 4346 vocare‘')
1012 4279 1045 4329 cs.
1065 4294 1143 4343 supra
1161 4277 1206 4344 §6
1225 4294 1251 4343 p.
1273 4277 1322 4327 106
1342 4293 1398 4343 sqq.

769 4488 965 4501 *ιη-..-
