3770 5662
986 542 1033 610 62

513 750 628 826 Verbi
648 748 871 855 οίγγέλλειν
894 749 995 847 impi.
1017 773 1117 848 pass.
1143 749 1339 855 manifesta
1359 775 1471 826 sensu
1491 751 1598 825 itera·

458 873 548 967 tivo,
586 874 658 950 ie.
696 873 746 947 ad
783 873 932 947 nuntios
969 873 1017 948 de
1053 873 1188 948 eadem
1223 897 1264 948 re
1291 873 1441 970 saepius
1468 872 1598 946 sivea

456 996 613 1071 diversis
635 995 802 1094 partibus
824 993 960 1070 allatos
979 995 1275 1093 significandum,
1301 1010 1520 1094 usurpatum
1541 1009 1599 1069 est

457 1119 560 1194 hisce
574 1117 679 1193 Iocis:
696 1118 749 1192 III
767 1124 825 1212 16,
840 1143 859 1192 2
876 1114 1110 1212 ὠςαίντοῖς--·Ι
1124 1119 1387 1224 ἠγγέλλοντο
1406 1121 1466 1196 καί
1479 1121 1514 1197 αἱ
1527 1119 1596 1220 περὶ

456 1241 516 1329 τήν
540 1240 783 1331 Πελοπόννησον
812 1253 884 1334 νῆες
910 1256 973 1319 τῶν
1002 1236 1179 1332 Ἀθηναίων
1205 1241 1264 1328 τήν
1291 1244 1469 1346 περιοικίδα
1493 1236 1598 1319 αὐτῶν

456 1369 648 1470 πορθοῦσαι;
685 1363 739 1437 VI
780 1387 893 1458 32„3
924 1366 955 1456 ἐς
982 1362 1018 1442 θὲ
1046 1359 1105 1458 τθς
1127 1360 1338 1470 Συρακούσας
1365 1364 1598 1470 ἠγγέλλετο

457 1484 722 1592 πολλαχόθεν
743 1481 785 1565 roi
812 1488 882 1593 περί
906 1494 962 1564 τοῦ
989 1487 1141 1580 ἐπίπλους
1170 1507 1220 1580 45
1242 1496 1308 1579 τοῖς
1331 1485 1368 1565 θέ
1391 1491 1598 1592 Συρακοσίοις

458 1612 490 1688 ἐν
525 1603 626 1712 τούτῳ
663 1609 929 1713 πολλαχόθεν
965 1651 1016 1662 -
1052 1608 1286 1713 ἠγγέλλετο
1322 1614 1395 1686 κτλ.
1430 1604 1598 1704 Reliquis

456 1733 605 1806 duobus
641 1728 729 1806 locis
756 1730 892 1828 quibus
919 1730 1024 1804 verbi
1053 1730 1225 1836 οἷγγελλειν
1253 1730 1511 1829 imperfectum
1538 1753 1596 1804 oc·

456 1854 569 1929 currit
592 1852 643 1951 (V
670 1858 732 1948 63,
758 1877 777 1926 2
804 1851 911 1940 ἐπειθή
936 1852 972 1933 δὲ
987 1860 1044 1933 καί
1058 1860 1128 1960 περὶ
1142 1849 1345 1961 Ὀρχομενοῦ
1368 1853 1597 1958 ἠγγέλλετο

458 1976 649 2071 ἑαλωκέναι,
677 1983 786 2084 πολλῷ
825 1974 868 2063 θή
905 1983 1037 2080 μᾶλλον
1075 1977 1289 2082 ἐχαλέπαινον
1327 1983 1385 2056 καὶ
1426 1969 1597 2081 ἐβούλευον

458 2097 550 2194 εὐθὺς
584 2095 637 2179 ὑπ’
670 2102 768 2204 ὀργῆς
806 2106 899 2193 κτλ.;
935 2097 1006 2173 VII
1040 2119 1098 2194 17,
1139 2123 1159 2194 3
1198 2103 1228 2178 οἱ
1263 2095 1328 2206 γὰρ
1362 2104 1517 2205 Κορίνθιοι
1554 2101 1597 2191 ὡς

456 2220 567 2316 αὐτοῖς
607 2225 638 2301 οἱ
676 2223 821 2328 πρέσβεις
862 2215 943 2307 ἠκον
986 2228 1043 2300 καὶ
1084 2217 1125 2301 rui
1166 2223 1199 2300 ἐν
1239 2237 1281 2329 τῇ
1315 2228 1445 2325 Σικελίᾳ
1481 2227 1598 2326 βελτίω

457 2345 687 2450 ἠγγελλον,
735 2350 925 2450 νομίσαντες
957 2341 1026 2423 οὐκ
1067 2339 1204 2449 ἄκαιρον
1247 2351 1305 2424 καί
1344 2344 1404 2432 τήν
1443 2345 1597 2450 προτέραν

457 2469 576 2572 πέμψιν
616 2482 679 2545 τῶν
719 2482 797 2545 νεῶν
838 2469 1047 2561 ποιήσασθαι,
1090 2475 1201 2577 πολλῷ
1237 2475 1368 2571 μᾶλλον
1405 2469 1596 2572 ἐπέρρωντο)

373 2618 375 2627 ’
406 2589 409 2596 ’
458 2589 586 2664 itidem
608 2615 678 2687 pro
704 2589 877 2665 iterativo
905 2589 1035 2664 haberi
1062 2607 1199 2689 potest,
1229 2592 1280 2665 ita
1303 2606 1344 2665 ut
1367 2592 1490 2689 priore
1513 2588 1597 2665 loco

458 2711 598 2787 dietum
626 2713 674 2787 sit
700 2713 749 2788 de
776 2713 912 2787 eodem
941 2713 1071 2788 nuntio
1106 2713 1239 2788 iterato
1276 2713 1356 2788 sive
1392 2739 1415 2788 a
1443 2709 1597 2788 diversis

454 2835 626 2934 partibus
660 2834 787 2926 allatu,
826 2833 1033 2933 posteriore
1063 2836 1148 2912 loco
1176 2838 1225 2911 de
1253 2836 1409 2911 diversis
1435 2836 1547 2910 rebus
1574 2861 1598 2911 a

458 2957 593 3055 legatis
633 2957 779 3053 relatis3
816 2975 944 3033 tamen
985 2976 1145 3058 utroque
1180 2959 1265 3036 Ioco
1302 2959 1432 3035 melius
1464 2959 1597 3057 imper-

459 3082 596 3155 fectum
624 3081 675 3155 sic
704 3080 896 3178 explanari
919 3107 1033 3180 posse
1056 3098 1160 3181 put0,
1185 3097 1226 3156 ut
1249 3083 1467 3180 imperfecto
1487 3083 1596 3179 signi-

458 3202 588 3278 ficetur
611 3229 696 3278 eum
718 3203 831 3278 animi
853 3203 1039 3296 affectum,
1068 3205 1133 3302 qui
1163 3205 1291 3280 nuntio
1315 3202 1429 3279 allato
1455 3220 1597 3279 mortus

458 3352 541 3402 esse
573 3327 610 3400 in
638 3327 795 3424 apodosi
822 3327 964 3418 dicitur,
989 3327 1070 3426 jam
1097 3343 1177 3402 turn
1205 3354 1290 3402 curn
1313 3328 1463 3402 nuntius
1490 3328 1596 3403 affer-

457 3464 559 3525 retur
578 3450 703 3524 statim
725 3449 761 3523 in
786 3450 1015 3526 audientium
1038 3451 1184 3525 animos
1205 3477 1246 3525 se
1261 3451 1484 3543 insinuasse3
1510 3476 1596 3525 mea

457 3573 569 3670 igitur
596 3572 771 3670 opinione
799 3573 1019 3671 imperfecta
1046 3589 1133 3647 sunt
1156 3573 1392 3672 descriptiva,
1418 3598 1493 3647 non
1517 3588 1595 3648 tarn

457 3695 579 3792 ipsum
602 3695 739 3769 factum
763 3696 970 3771 nuntiantia
994 3721 1109 3794 quarn
1133 3697 1246 3770 animi
1269 3696 1445 3771 affectum
1465 3723 1595 3772 eorum

457 3817 592 3914 quibus
620 3818 860 3894 nuntiabatur
887 3836 975 3894 ante
1003 3817 1131 3894 oeulos
1158 3817 1308 3895 lectoris
1334 3819 1523 3916 ponentia.

512 3940 720 4038 Compositi
758 3968 910 4041 quoque
945 3944 1229 4047 ἐσαγγέλλειν
1257 3943 1359 4040 imps.
1389 3969 1488 4040 pass.
1519 3943 1594 4018 ubi·

457 4089 603 4161 cunque
640 4064 796 4140 occurrit
831 4065 1000 4140 iterative
1037 4080 1255 4164 usurpatum
1294 4082 1351 4140 est
1367 4067 1432 4139 Jde
1460 4067 1595 4141 nuntiis

458 4211 482 4260 a
509 4186 665 4260 diversis
695 4188 863 4285 partibus
898 4185 1019 4262 allatis
1053 4189 1135 4264 sive
1171 4189 1320 4287 saepius
1353 4188 1539 4288 repetitis:
1577 4191 1592 4265 1

450 4334 550 4404 Διγι,
585 4333 625 4402 13
655 4309 691 4382 V
722 4332 783 4404 52,
819 4336 859 4405 13
888 4309 978 4384 VIII
1011 4331 1071 4406 79,
1107 4336 1138 4386 1.

512 4431 722 4528 Compositi
746 4431 1025 4537 οίναγγέλλειν
1047 4433 1149 4532 Impf.
1174 4431 1310 4534 legitur
1331 4435 1593 4509 tantummodo

460 4553 514 4628 IV
564 4579 646 4644 122,
693 4579 711 4626 2
756 4558 786 4632 οἱ
827 4555 863 4633 θέ
904 4556 1171 4660 ἀνήγγελλον
1212 4555 1270 4643 τήν
1312 4558 1492 4650 ξυνθήκην,
1536 4559 1594 4636 καί
