3744 5698
844 585 891 663 27

301 794 529 878 ,occupatus
571 793 653 854 erat
688 779 724 854 in
762 806 862 878 aqua
898 778 1141 856 derivanda'’.
1179 779 1440 877 Imperfectum

299 900 455 1006 ἐξέτρεπεν
495 903 598 1000 quod
634 902 769 999 legitur
803 905 827 999 ς
860 928 884 998 4
913 929 979 999 per
1008 902 1127 977 senil
1156 903 1224 976 nisi
1252 903 1440 979 actionem

299 1025 510 1098 durativam
545 1025 740 1100 derivandi
770 1025 953 1123 exprimit,
984 1052 1107 1123 aeque
1136 1052 1180 1100 ac
1209 1025 1310 1122 impl.
1334 1026 1438 1131 ε’ξέτρ.

236 1181 245 1195 ·
299 1147 402 1244 quod
430 1149 588 1222 occurrit
616 1150 639 1244 g
665 1149 757 1244 5.·E
782 1165 959 1223 contextu
983 1164 1111 1223 autem
1135 1163 1294 1246 apparet
1318 1148 1441 1246 priore
1506 1227 1508 1232 ,

301 1269 519 1366 imperfecto
545 1269 686 1343 initium
701 1296 855 1368 quoque
869 1271 1025 1345 actionis
1040 1270 1321 1368 comprehendi,
1337 1270 1440 1367 quod

298 1391 555 1490 imperfectum
570 1392 733 1467 breviter
747 1393 886 1467 dictum
901 1409 958 1468 est
968 1419 1036 1492 pro
1047 1392 1218 1492 longiore
1229 1392 1439 1468 enuntiato:

294 1513 371 1619 ,ἤρξ
380 1546 452 1593 ατο
472 1514 668 1620 ἐκτρέπειν
688 1523 755 1595 καὶ
770 1515 935 1594 διετέλει
950 1513 1049 1613 (τινὰ
1063 1515 1222 1621 χρόνον)
1237 1516 1439 1622 ἐκτρέπων.

294 1636 525 1711 ¹ldemvalet
547 1638 582 1711 in
606 1639 778 1712 omnibus
799 1638 1024 1737 imperfectis
1042 1637 1276 1715 incohativiS.
1293 1639 1440 1714 Caven-

288 1763 388 1833 dum
403 1759 596 1856 igiturest,
612 1786 660 1835 ne
674 1760 777 1858 impl.
791 1761 1049 1839 incohativum
1064 1777 1102 1835 et
1116 1786 1194 1836 aor.
1211 1761 1439 1859 ingressivus

298 1883 397 1956 idem
420 1881 630 1980 significare
653 1898 840 1980 putentur.
866 1884 939 1973 Hic
955 1883 1005 1958 nil
1020 1884 1087 1958 nisi
1102 1884 1312 1982 ingressum
1327 1883 1439 1970 actio-

298 2005 358 2079 nis·
386 2005 534 2095 indicat,
564 2003 668 2079 velut
695 1998 771 2110 ἦρξε
805 2032 893 2096 „rex
921 2007 1040 2081 factus
1069 2006 1165 2099 est”,
1195 2033 1271 2105 quo
1297 2007 1439 2081 aoristo

299 2127 481 2226 regnandi
519 2153 585 2225 per
622 2128 814 2227 quoddam
849 2145 999 2226 tempus
1027 2129 1257 2203 continuatio
1286 2129 1439 2202 omnino

277 2275 374 2324 vnon
412 2250 649 2346 exprimitur3
684 2276 797 2349 quam
826 2251 967 2349 siquis
995 2251 1130 2324 eadem
1159 2275 1275 2348 opera
1302 2250 1439 2348 signifi·

285 2378 385 2446 'care
412 2371 503 2462 vult,
532 2372 645 2469 impl..
665 2373 879 2447 incohativo
908 2373 959 2446 uti
989 2373 1113 2446 debet.
1145 2373 1216 2446 Per
1242 2397 1284 2445 se
1312 2370 1440 2446 intelli·

298 2494 397 2591 gitur
424 2494 597 2569 omnibus
623 2493 715 2571 locis
743 2496 876 2594 quibus
904 2494 1161 2593 imperfectum
1191 2494 1349 2569 occurrit
1377 2495 1439 2568 ad·

294 2617 397 2716 jecto
425 2617 606 2692 adverbio
630 2615 759 2712 εὐθύς,
784 2619 1042 2716 imperfectum
1066 2642 1148 2692 esse
1173 2617 1439 2710 incohativum,

299 2737 403 2814 velut
430 2739 466 2812 V
495 2729 558 2834 ¹39,
591 2765 611 2835 3
642 2743 757 2820 καὶτὸ
782 2742 958 2820 Πάνακτον
981 2737 1101 2834 εὐθὺς
1122 2748 1342 2848 καθῃρεῖτο
1366 2740 1389 2816 i.
1405 2766 1438 2816 e.

299 2862 426 2937 statim
449 2864 654 2938 Panactum
669 2861 910 2962 complanare
924 2879 1130 2961 coeperunt
1143 2864 1196 2960 (et
1211 2863 1440 2962 aliquamdiu

300 2989 571 3084 perrexerunt).
784 3047 786 3050 .
1100 3011 1101 3014 ¹
1173 3049 1175 3053 s

354 3107 450 3182 Cum
475 3108 694 3204 imperfecto
709 3108 746 3181 in
759 3133 901 3207 genere
916 3107 1144 3206 significetur
1158 3106 1321 3206 aliquem
1336 3133 1439 3206 prae·

299 3229 409 3305 terito
433 3245 604 3328 tempore
628 3231 665 3304 in
690 3228 815 3328 aliqua
839 3256 879 3304 re
901 3230 1052 3328 agenda
1076 3245 1301 3327 occupatum
1314 3229 1439 3318 fuisse,

300 3352 475 3427 deexitu
503 3369 630 3427 autem
658 3353 738 3427 sive
766 3368 904 3427 eventu
933 3352 1088 3426 actionis
1116 3351 1165 3426 nil
1193 3353 1438 3450 praedicetur,

292 3473 557 3571 'imperfectum
593 3476 708 3549 etiarn
748 3474 916 3550 adhiberi
953 3488 1080 3573 potest
1114 3475 1163 3549 ad
1196 3474 1440 3572 exprimenda

300 3597 545 3671 conamina
582 3598 716 3695 quibus
753 3597 836 3695 quis
873 3612 1035 3695 temptat
1071 3597 1252 3694 perficere
1286 3596 1439 3695 aliquid,
1554 3663 1558 3680 ,

301 3743 398 3816 quae
427 3720 625 3793 conamina
652 3744 833 3818 prospere
883 3717 1133 3793 'successerint
1161 3744 1280 3793 necne
1307 3719 1440 3818 imper-

300 3841 399 3915 fecto
424 3867 498 3915 non
523 3841 713 3916 indicatur.
742 3842 968 3942 Hujusmodi
985 3841 1440 3938 imperfectaconativa

300 3963 466 4054 dicimuS,
496 3989 655 4061 quorum
684 3963 896 4062 exemplum
925 3979 983 4037 est
1012 3964 1067 4036 IV
1097 3989 1146 4058 91x
1176 3964 1365 4070 Παγώνδας
1388 4010 1440 4020 -

300 4085 499 4192 βουλόμενος
535 4085 594 4173 τὴν
630 4083 748 4191 μάχην
776 4100 907 4172 ποιῆσαι
934 4131 986 4142 --
1014 4084 1155 4165 ἔπειθε
1182 4082 1257 4179 τοὺς
1285 4085 1441 4180 Βοιωτοὺς

302 4207 395 4286 ἰέναι
417 4209 465 4286 ἐπὶ
502 4205 577 4300 τοὺς
607 4207 798 4301 Ἀθηναίους
827 4215 883 4286 καὶ
911 4209 965 4285 τὸν
995 4207 1112 4312 ἀγῶνα
1140 4212 1307 4301 ποιεῖσθαι,
1336 4210 1439 4313 λέγων

299 4327 408 4408 τοιαίδε
444 4329 466 4403 i.
507 4356 540 4404 e.
579 4357 663 4404 cum
700 4329 815 4404 vellet
851 4329 1034 4428 proelium
1073 4330 1316 4421 committere,
1345 4357 1439 4428 per-

300 4452 498 4526 suadere
526 4454 787 4527 conabatur
817 4453 969 4526 Boeotis
996 4467 1037 4525 ut
1064 4453 1245 4549 impetum
1274 4452 1440 4527 facerent

299 4575 336 4648 in
364 4574 626 4651 Athenienses¹
658 4575 802 4651 Contra
830 4590 916 4674 post
943 4575 1151 4650 orationem
1180 4573 1338 4651 relatam
1365 4575 1439 4650 hoc
