3770 5662
847 567 896 657 ⁶7

304 775 527 880 σπενδόμενοι,
562 772 605 855 τὰ
632 775 669 856 δὲ
695 783 907 880 πολεμοῦντες
933 820 986 832 -
1012 763 1047 856 εἶν
1074 775 1442 884 παρεσκευάσαντο

229 967 231 972 ,
301 893 348 976 τὰ·
376 901 519 1003 πολέμια
547 905 604 978 καὶ
631 899 842 1004 ἐμπειρότεροι
869 900 1059 1006 ἐγένοντο
1084 896 1169 1005 μετὰ
1195 895 1355 982 κινδόνων
1382 897 1443 996 τὰς

300 1019 438 1123 μελέτας
475 1017 670 1126 ποιούμενοι,
707 1047 784 1120 quo
821 1020 906 1097 loco
933 1021 1093 1097 aoristus
1119 1019 1443 1122 complexivus

301 1143 399 1217 bene
425 1161 627 1242 usurpatus
653 1161 723 1234 est,
753 1145 840 1243 quia
868 1143 1111 1244 Thucydides
1131 1143 1168 1218 in
1191 1143 1295 1220 initio
1318 1144 1443 1244 operis

302 1268 356 1342 sui
398 1267 436 1341 id
477 1268 558 1366 agit
598 1283 640 1342 ut
680 1267 833 1342 strIctim
873 1281 1010 1367 tangat
1049 1266 1174 1366 capita
1221 1291 1345 1342 rerum
1393 1292 1441 1342 ex

301 1389 455 1464 historia
492 1389 641 1465 Graeca
677 1415 777 1489 quae
810 1388 950 1464 bellum
986 1387 1346 1487 Peloponnesiacum
1378 1411 1442 1464 an·

302 1514 462 1604 tecessit‚
501 1539 578 1612 quo
605 1513 647 1587 fit
675 1529 715 1587 ut
742 1514 779 1587 in
808 1513 879 1587 hac
906 1512 1031 1611 operis
1058 1527 1165 1611 parte
1186 1510 1291 1588 multi
1315 1511 1442 1589 aoristi

303 1635 500 1710 constativi
527 1634 782 1734 (complexivi)
810 1651 1018 1711 occurrant.

357 1759 422 1833 Ad
465 1775 674 1834 extremum
716 1755 916 1833 nonnullos
955 1756 1061 1833 locos
1101 1756 1267 1834 laudabo
1306 1757 1442 1856 quibus

301 1882 521 1980 imperfecto
549 1882 723 1956 iterativo
750 1906 874 1956 mores
897 1881 977 1955 sive
999 1881 1167 1954 instituta
1187 1879 1443 1978 significantur

302 2030 401 2102 quae
428 2005 536 2079 statis
562 2003 796 2102 temporibus
823 2004 1023 2099 iterantur3
1051 2001 1122 2078 loci
1149 2012 1235 2078 sunt
1262 2003 1321 2078 hi:

356 2129 407 2203 III
439 2150 503 2223 58,
531 2151 556 2221 4
585 2172 637 2182 —
665 2123 720 2220 οὓς
748 2125 973 2221 ἀποθανόντας
999 2127 1060 2206 ὑπὸ
1088 2126 1217 2212 Μήδων
1245 2130 1303 2204 καὶ
1329 2126 1442 2232 ταρέν-

301 2282 361 2344 τας
409 2253 442 2328 ἐν
492 2265 533 2358 τῇ
573 2251 714 2355 ἡμετέρᾳ
755 2252 958 2356 ἐτιμῶμεν
999 2244 1106 2329 κατὰ
1148 2245 1233 2342 έτος
1272 2243 1442 2329 ἕκαστον

302 2375 508 2478 §conpacto
524 2379 581 2452 καὶ
595 2382 661 2466 τοῖς
676 2368 790 2465 ἄλλοις
803 2377 969 2478 νομίμοις,
991 2371 1054 2452 όσα
1074 2401 1106 2450 τε
1126 2376 1148 2457 η’
1170 2384 1215 2475 γῆ
1242 2369 1441 2451 ἄνεδίδου

302 2499 420 2599 ὡραῖα,
449 2493 578 2575 πόντων
608 2491 765 2601 οἷπαρχᾶς
793 2497 996 2600 ἐπιφέροντες.

356 2618 417 2692 De
453 2617 550 2692 ludis
588 2616 867 2715 Apollinaribus
901 2619 965 2716 qui
1002 2617 1039 2692 in
1076 2606 1197 2692 insula
1224 2613 1325 2692 Delo
1352 2615 1442 2692 olim

302 2741 432 2838 quinto
460 2765 614 2838 quoque
641 2765 741 2815 anno
770 2738 1056 2816 celebrabantur
1076 2741 1199 2840 agitur
1222 2740 1274 2814 III
1308 2763 1393 2834 104,
1417 2762 1441 2835 3

302 2889 405 2962 sqq.:
430 2855 452 2950 ἦ
459 2896 477 2942 ν
501 2863 542 2942 δέ
560 2895 633 2943 ποτε
657 2865 772 2943 καὶτὸ
794 2860 897 2944 πόλοι
919 2861 1050 2970 μεγάλη
1066 2859 1204 2958 ξύνοδος
1217 2861 1321 2957 ε’ςτὴν
1335 2868 1442 2948 Δῆλον

300 3001 364 3065 τῶν
387 2981 503 3064 Ἰώνων
532 3011 607 3041 -·
638 2982 698 3080 ξόν
724 3019 756 3064 τε
784 2983 849 3091 γὰρ
874 2993 1006 3091 γυναιξὶ
1029 2991 1087 3066 καὶ
1109 2989 1219 3066 παισὶν
1242 2983 1441 3090 έθεῶρονν

268 3103 270 3108 ’
302 3153 354 3164 -
382 3115 439 3188 καὶ
468 3106 559 3213 α’γῶν
582 3111 757 3188 ἐποιεῖτο
785 3107 896 3188 αὐτόθι
918 3110 976 3189 καὶ
999 3108 1159 3214 γυμνικός
1186 3111 1243 3187 καὶ
1270 3108 1440 3214 μουσικός,

302 3227 421 3337 χοροός
440 3264 472 3310 τε
493 3231 651 3336 οἷνῆγον
670 3235 705 3310 αἱ
727 3231 854 3326 πόλεας
876 3234 901 3328 ἓ
924 3254 943 3328 5
965 3228 1441 3338 ipor‘rov;§6i'nepnou.

355 3355 561 3450 Quomodo
597 3352 717 3430 insula
745 3355 911 3454 Cythera
938 3380 962 3429 a
990 3345 1301 3430 Lacedaemoniis
1328 3352 1442 3429 admi-

302 3477 517 3551 nistraretur
553 3477 605 3551 sic
641 3477 860 3552 describitur
897 3477 950 3550 IV
989 3500 1050 3573 53,
1083 3502 1103 3552 2
1135 3519 1186 3534 --
1215 3480 1272 3556 καὶ
1300 3481 1443 3583 Κνθηρο

301 3604 398 3694 δίκης
434 3599 524 3708 οἷρχὴ
562 3602 599 3679 ἐκ
638 3615 697 3694 τῆς
738 3597 890 3705 Σποῖρτης
929 3601 1145 3708 διέβαινεν
1182 3597 1298 3681 αὐτόσε
1334 3595 1443 3684 κατὰ

302 3721 406 3817 ἔτος,
435 3731 572 3804 ὁπλιτῶν
599 3757 631 3802 τε
659 3719 800 3829 ρρονρᾶν
827 3722 1052 3829 διέπεμπον
1080 3729 1158 3805 αιέὶ
1186 3731 1258 3803 κτλ.

356 3847 411 3920 VI
451 3853 512 3942 56,
545 3871 564 3921 2
594 3848 774 3954 περιέμενον
803 3844 839 3926 δὲ
867 3848 1090 3933 Παναθήναια
1116 3842 1158 3926 roi
1184 3843 1330 3953 μεγάλοι,
1359 3840 1441 3951 ἕνῇ

301 3970 402 4074 μόνον
430 3971 538 4076 ἡμέρᾳ
565 3966 629 4076 οὐχ
653 3965 790 4049 ὕποπτον
819 3975 1004 4076 ἐγίγνετο
1032 3973 1064 4048 ἐν
1089 3970 1198 4065 όπλοις
1220 3985 1283 4049 τῶν
1305 3975 1442 4051 πολιτῶν

300 4089 375 4184 τοὺς
397 4094 456 4180 τὴν
479 4091 611 4197 πομπόν
635 4093 821 4198 πέμψοντας
849 4093 985 4200 οἱθρόονς
1011 4093 1177 4198 γενέσθαιε
1207 4093 1310 4195 Impf.
1339 4095 1440 4198 ἐγίγν.

301 4215 449 4314 respicit
477 4214 644 4315 singulas
672 4215 1024 4290 Panathenaeorum
1052 4211 1333 4294 celebrationes

355 4339 443 4413 VIII
488 4345 549 4428 66,
598 4365 611 4413 1
659 4342 767 4443 bipes
807 4340 915 4445 μέντοι
957 4339 1046 4446 όμως
1083 4336 1126 4420 ἔτι
1162 4347 1219 4421 καὶ
1256 4338 1361 4447 βουλὴ
1390 4381 1442 4396 -

270 4505 272 4509 ⁴
302 4463 566 4567 ξυνελέγετοι
611 4462 761 4537 comitia
802 4478 840 4536 et
881 4478 1034 4538 senatus
1064 4463 1176 4539 statis
1212 4463 1444 4561 temporibus

303 4585 619 4659 convocabantur.
