3770 5662
821 622 868 698 57

273 845 334 920 ραν
371 812 495 920 ἔμενον,
534 841 609 913 quo
642 813 727 890 loco
754 815 934 890 aoristum
963 840 1048 889 cum
1077 813 1260 890 Classeno
1287 815 1412 893 habeo

274 963 344 1034 pro
380 936 588 1036 ingressivo
621 937 716 1035 („sie
750 938 887 1012 kamen
924 939 980 1012 ins
1017 937 1182 1036 zogern'’
1221 937 1305 1036 cl),
1335 960 1411 1035 quo

275 1059 465 1158 respicitur
479 1061 516 1133 id
530 1059 633 1158 quod
647 1061 838 1159 praecedit
852 1059 989 1134 ibidem
1010 1061 1142 1164 μέλλη
1156 1092 1220 1154 σις
1240 1060 1410 1165 ἐγένετο.

326 1182 441 1257 Verbi
482 1188 701 1288 πειρᾶσθαι
737 1181 878 1258 multae
906 1180 1051 1257 formae
1078 1182 1347 1281 praesenticae,
1372 1180 1411 1256 in

273 1304 408 1402 quibus
434 1303 632 1404 aliquoties
660 1305 776 1404 impl,
806 1319 1003 1381 occurrunt
1015 1339 1025 1399 ς,
1053 1305 1128 1380 ind.
1157 1330 1235 1380 aot.
1261 1330 1336 1380 non
1360 1305 1410 1384 in·

273 1427 429 1501 venitur.
467 1427 591 1503 Activi
629 1428 767 1533 (πειρᾶν)
803 1426 919 1502 semel
955 1427 1030 1502 ind.
1061 1411 1138 1502 aor.
1167 1427 1326 1502 occurrit
1354 1426 1409 1500 IV
1507 1407 1510 1414 ¹

278 1571 363 1641 102,
397 1573 415 1623 2
444 1549 480 1629 τὸ
507 1549 544 1628 <tl
564 1557 684 1657 χωρίον
707 1558 800 1629 τοῦτο
823 1594 875 1605 -
899 1552 1084 1656 ἐπείρασε
1106 1548 1166 1654 μὲν
1190 1550 1338 1655 πρότερον
1353 1551 1410 1628 καὶ

273 1665 506 1778 Ἀρισταγόρας
528 1680 546 1750 o‘
568 1675 729 1767 Μιλήσιος
751 1717 803 1729 -
821 1679 1015 1763 κατοικίσαι,
1033 1672 1095 1747 ubi
1109 1697 1186 1747 aor.
1203 1671 1279 1746 vim
1295 1671 1409 1747 habet

273 1791 452 1893 plqpfecti
481 1795 621 1871 Latini:
657 1811 835 1891 „conatus
862 1793 982 1873 erat''.
1209 1785 1213 1794 ¹

326 1916 534 2016 Compositi
562 1916 868 2023 α’ναπειρᾶσθαι
898 1943 965 2008 „se
992 1914 1189 1992 exercere”
1220 1916 1338 2014 (quod
1362 1917 1413 1990 de

272 2040 431 2114 navibus
448 2040 592 2140 dicitur)
615 2041 774 2116 aoristus
798 2041 950 2116 omnino
974 2065 1050 2115 non
1073 2038 1246 2133 occurrit3
1270 2036 1320 2113 nil
1342 2037 1410 2112 nisi

276 2186 294 2234 2
326 2162 428 2260 impl.
459 2177 497 2238 et
524 2161 640 2238 semel
668 2180 764 2261 part.
794 2189 914 2262 praes
944 2160 1131 2262 leguntur.
1261 2209 1264 2215 ·

326 2286 442 2381 Quod
464 2288 621 2362 verbum
644 2293 809 2391 πειρᾶσθαι
834 2288 887 2385 (et
909 2311 1076 2385 compos.
1102 2283 1264 2391 α’ναπειρ.)
1287 2286 1409 2384 magis

271 2408 398 2483 formis
418 2409 659 2506 praesenticis
677 2434 791 2508 quam
806 2408 987 2484 aoristicis
1000 2409 1114 2501 favet,
1130 2405 1408 2506 explanandum

271 2531 418 2607 videtur
440 2559 487 2608 ex
510 2532 592 2631 ipsa
615 2534 767 2608 notione
790 2558 889 2632 quae
912 2534 1007 2608 inest
1030 2534 1148 2608 verbo
1171 2531 1407 2623 tentandi,

272 2655 375 2752 quod
403 2655 542 2730 indicat
569 2654 732 2755 aliquem
761 2656 875 2730 anniti
904 2654 1132 2754 aliquamdiu
1156 2671 1196 2730 ut
1219 2654 1308 2752 quid
1331 2652 1408 2729 effi·

270 2777 396 2852 ciatur.
436 2779 566 2874 Quare
603 2780 735 2854 mirum
764 2803 839 2853 non
868 2794 925 2853 est
953 2777 1150 2876 compositi
1179 2776 1408 2883 οίποπειροῖν

271 2899 397 2997 (οἶσθαι
435 2901 487 2975 IV
529 2926 590 2996 24,
622 2905 659 3001 3)
687 2901 837 2999 saepius
865 2901 1043 2976 aoristum
1071 2925 1265 2976 occurrere
1293 2925 1407 2997 quam

270 3024 523 3121 praesenticas
548 3026 701 3117 formas,
731 3025 817 3123 quia
844 3023 881 3098 id
909 3023 1158 3122 compositum
1187 3021 1416 3121 plerumque·

269 3145 454 3244 significat
474 3147 612 3245 „(cert0
627 3147 808 3246 temporis
822 3149 1030 3245 momento)
1045 3145 1173 3244 aliquo
1187 3145 1268 3220 sive
1281 3143 1408 3243 aliqua

269 3294 311 3344 re
339 3269 532 3368 repentino
555 3269 696 3367 impetu
719 3269 830 3369 potiri
854 3267 1004 3344 conari'’
1030 3268 1137 3366 („mit
1160 3269 1228 3343 der
1247 3267 1408 3343 Absicht

270 3393 338 3467 der
360 3392 571 3468 Einnahme
597 3393 689 3467 oder
714 3392 1003 3492 Unterweffung
1027 3391 1134 3467 einen
1160 3389 1331 3466 Versuch
1345 3389 1414 3464 aul

269 3530 386 3592 etwas
422 3515 515 3592 oder
544 3516 749 3616 jemanden
777 3513 961 3590 machen'’
992 3514 1048 3594 St.
1076 3514 1125 3589 ad
1168 3513 1223 3587 IV
1253 3538 1315 3607 24,
1347 3514 1405 3610 3);

270 3637 344 3714 ind.
374 3663 452 3714 aor.
476 3637 613 3736 legitur
635 3637 898 3714 tantummodo
921 3636 975 3710 IV
1005 3659 1090 3732 135,
1121 3661 1135 3710 1
1164 3635 1407 3736 οίπεπείρασε

270 3759 306 3841 δὲ
328 3771 385 3842 τοῦ
407 3758 507 3842 αὑτοῦ
529 3777 689 3869 χειμῶνος
712 3767 768 3841 καὶ
792 3769 811 3839 οε
831 3763 996 3868 Βρασίδας
1015 3805 1067 3816 -
1081 3763 1275 3854 Ποτειδαίας
1288 3789 1296 3836 :
1311 3759 1408 3834 Poti-

270 3883 406 3960 daeam
434 3911 482 3961 ex
509 3884 712 3983 improviso
741 3908 961 3982 expugnare
990 3883 1160 3960 tentavit.

323 4007 438 4082 Verbi
474 4003 714 4115 πορεύεσθαι
755 4007 847 4102 „iter
874 4007 1022 4083 facere’'
1052 4031 1236 4105 persaepe
1264 4004 1408 4080 formae

270 4130 538 4228 praesenticae‚
577 4130 613 4204 in
643 4131 777 4229 quibus
804 4130 906 4229 impl.
943 4134 1001 4223 18,
1031 4144 1248 4225 occurrunt3
1278 4143 1409 4203 contra

270 4254 440 4348 aoristus,
469 4254 573 4352 quod
597 4279 619 4328 e
643 4269 777 4328 natura
800 4253 881 4353 ejus
904 4252 1010 4327 verbi
1034 4252 1206 4326 durativa
1229 4249 1337 4326 facile
1357 4251 1409 4324 in-

270 4375 456 4474 telligitur‚
486 4400 640 4474 perraro
668 4373 813 4475 legitur.
845 4374 1107 4473 Imperfectum
1134 4398 1251 4472 saepe
1278 4388 1336 4448 est
1359 4373 1409 4446 in-

271 4499 496 4592 cohativum,
533 4497 637 4574 velut
667 4498 702 4571 V
734 4501 795 4594 58,
827 4523 846 4571 2
878 4505 896 4575 ὁ
923 4495 960 4577 δὲ
986 4493 1076 4602 'Apte
1103 4509 1161 4590 τῆς
1188 4496 1303 4590 νυκτὸς
1327 4495 1409 4574 oiva-

270 4623 392 4716 στήσας
427 4622 482 4702 τὸν
519 4623 654 4729 στρατὸν
691 4623 748 4701 καὶ
789 4617 898 4700 λαθὼν
930 4615 1141 4725 ἐπορεύετο
1178 4621 1212 4712 ἐς
1237 4625 1410 4698 Φλειοῦντα

1297 4762 1311 4818 5
