3770 5662
998 564 1071 616 110

462 751 652 852 („legatos
687 753 925 851 miserant”);
963 752 1014 827 VI
1053 759 1114 850 76,
1159 779 1172 828 1
1213 755 1318 830 initio
1359 756 1539 832 orationis
1579 781 1603 832 a

461 875 597 976 legatis
633 876 785 951 habitae
819 874 956 975 legitur
993 873 1030 956 οὐ
1064 876 1123 965 τὴν
1157 886 1326 977 παροῦσαν
1362 874 1507 983 δύναμιν
1539 893 1603 959 τῶν

463 995 653 1093 Ἀθηναίων,
680 988 705 1075 ἀι
726 1008 959 1104 Καμαριναῖοι,
982 999 1031 1105 μὴ
1057 996 1160 1089 αὐτὴν
1184 1007 1418 1105 καταπλαγῆτε
1441 1005 1604 1095 δείσαντες

463 1117 844 1226 ἐπρεσβευσοίμεθαε
884 1121 1090 1195 secundum
1132 1149 1241 1196 usum
1283 1121 1481 1222 vulgatum
1522 1148 1601 1200 aor.

462 1242 511 1316 de
544 1268 592 1318 eo
627 1243 730 1341 quod
768 1243 884 1317 modo
919 1243 1060 1317 factum
1088 1260 1145 1319 est
1173 1245 1372 1320 adhibetur
1399 1245 1458 1343 (cf.
1490 1271 1603 1343 supra

464 1392 500 1463 p.
537 1385 581 1461 17
611 1367 704 1464 sq.);
733 1363 820 1438 VIII
838 1387 873 1461 5,
895 1389 909 1438 1
928 1361 1604 1473 πρῶτοιΕὑβοῆςῶςἈγινὲπρεσβευ·

463 1517 589 1567 σαντα
626 1489 658 1567 ἐν
694 1503 739 1596 τῷ
775 1502 911 1592 χειμῶνι
947 1483 1067 1592 vairp:
1097 1489 1257 1563 aoristus
1285 1489 1517 1565 constativus
1544 1489 1603 1564 hic

462 1610 547 1684 voci
574 1625 689 1714 πρῶτοι
718 1610 915 1709 adjunctus
942 1624 1010 1702 est,
1039 1611 1133 1685 sicut
1161 1609 1327 1709 plurimis
1355 1610 1446 1687 locis
1468 1610 1603 1686 indica·

463 1731 561 1806 tivus
590 1732 716 1808 aoristi
744 1759 829 1807 cum
856 1731 1193 1829 superlativis
1222 1733 1339 1832 (velut
1365 1741 1523 1828 πλεῖστος,
1546 1733 1602 1839 με’·

461 1855 584 1957 νιστος)
604 1853 685 1928 sive
705 1880 790 1928 cum
811 1855 968 1929 vocibus
993 1880 1091 1954 quae
1113 1856 1398 1954 quodammodo
1418 1857 1455 1931 vi
1476 1882 1602 1955 super·

462 1973 579 2051 lativa
599 1977 793 2075 praeditae
816 1992 903 2051 sunt
926 1975 1044 2075 (velut
1056 1978 1172 2083 μόνος)
1187 1979 1407 2079 conjunctus
1422 1979 1602 2078 reperitur

463 2100 526 2196 (de
555 2125 630 2197 qua
656 2125 698 2175 re
725 2099 841 2174 fusius
868 2098 962 2174 inira
990 2102 1014 2197 ἓ
1048 2125 1090 2174 12
1122 2104 1283 2199 agetur).

517 2221 779 2321 Compositum
827 2218 1226 2328 ἀντιπρεσβεῦεσθαι
1277 2239 1401 2298 exstat
1441 2238 1600 2298 tantum·

463 2345 580 2419 modo
606 2345 660 2418 Vl
686 2365 748 2441 75,
780 2369 800 2439 3
830 2340 1207 2450 α’ντεπρεσβεῦοντο
1234 2352 1291 2424 καὶ
1312 2342 1408 2425 αὐτοί
1429 2347 1509 2443 („et
1531 2345 1601 2444 ipsl

462 2464 691 2563 legationem
714 2466 932 2565 miserunt'’)
954 2467 1057 2564 quod
1078 2467 1181 2566 impl.
1208 2483 1266 2542 est
1289 2469 1599 2567 exspectativum.

518 2589 606 2663 Huc
633 2590 794 2688 pertinet
817 2590 919 2688 quod
943 2589 1048 2664 verbi
1075 2587 1445 2696 ἐπικηρυκεύεσθαι
1473 2593 1600 2689 (,‚cum

462 2709 589 2808 aliquo
617 2737 685 2810 per
711 2710 860 2810 legatos
888 2737 1004 2811 agere
1025 2713 1073 2786 de
1094 2711 1220 2812 aliqua
1240 2713 1321 2813 re”)
1342 2714 1601 2813 imperfectum

462 2834 656 2931 (exspect.)
709 2838 730 2909 8
774 2832 922 2932 legitur,
965 2860 1051 2908 cum
1093 2834 1220 2910 aoristi
1262 2836 1370 2912 indic.
1414 2861 1599 2934 nusquam

463 2972 643 3034 occurrat.

518 3077 582 3152 Ad
623 3093 830 3155 extremum
872 3094 1026 3178 propter
1067 3079 1143 3154 vim
1185 3081 1485 3179 exspectativam
1528 3084 1601 3159 huc

461 3201 646 3277 trahenda
687 3227 825 3278 censeo
865 3202 1083 3299 imperfecta
1124 3202 1231 3278 verbi
1272 3208 1402 3283 αἰτεῖν
1444 3206 1601 3306 ejusque

463 3325 766 3422 compositorum.

515 3447 724 3545 Compositi
752 3444 942 3525 ἀπαιτεῖν
971 3447 1131 3522 aoristus
1160 3448 1313 3522 omnino
1342 3473 1418 3523 non
1445 3448 1599 3549 legitur3

461 3570 565 3668 imps.
595 3569 695 3644 hisce
722 3567 814 3643 locis
841 3569 917 3642 vim
945 3568 1243 3668 exspectativam
1271 3568 1477 3648 luculenter
1501 3573 1600 3650 exhi·

460 3693 544 3766 bet:
584 3691 636 3765 IV
675 3717 736 3786 23,
778 3717 791 3766 1
832 3687 893 3787 τάς
927 3701 1009 3786 ναῦς
1042 3697 1072 3773 οἱ
1113 3693 1373 3799 Λακεδαιμόνιοι
1414 3694 1600 3802 ἀπῄτουν

462 3813 778 3913 (,‚repetebant’')‚
800 3814 945 3921 καθάπερ
959 3816 1120 3910 ξυνέκειτο
1134 3816 1207 3914 (ουί
1221 3815 1440 3915 imperfecto
1455 3819 1602 3895 animos

462 3937 847 4011 Lacedaemoniorum
875 3939 1038 4012 intentos
1066 3938 1287 4037 exprimenti
1316 3940 1599 4037 quodammodo

460 4059 664 4157 respondet
700 4059 956 4157 imperfectum
994 4087 1078 4135 cum
1116 4063 1320 4160 negatione
1362 4062 1599 4161 conjunctum

462 4182 565 4278 quod
599 4183 780 4280 sequitur:
816 4186 846 4260 οἱ
879 4178 911 4260 d'
948 4177 1110 4272 Ἀθηναῖοι
1144 4228 1196 4239 -
1232 4182 1305 4263 οὐκ
1337 4183 1599 4264 ἀπεδίδοσαν

467 4302 645 4398 „reddere
662 4303 947 4403 recusabant'’)·,
970 4305 1083 4379 etiam
1099 4305 1217 4380 acrius
1233 4307 1451 4406 imperfecto
1467 4304 1601 4382 milites

462 4425 687 4522 stipendium
722 4441 937 4523 repetentes
972 4427 1228 4525 significantur
1265 4428 1352 4503 VIII
1382 4432 1445 4523 84,
1476 4455 1516 4504 2:
1547 4475 1598 4485 -

459 4541 599 4655 τοσούτῳ
628 4549 686 4626 καί
713 4543 902 4657 θρασύτατα
929 4550 1154 4655 προσπεσόντες
1173 4550 1228 4630 τὸν
1248 4552 1363 4658 μισθὸν
1393 4551 1597 4661 ἀπῄτουν·
