3744 5698
814 601 857 651 21

265 786 470 888 particulae
505 788 693 886 quaedam
729 787 995 887 adjunguntur,
1035 791 1177 888 quibus
1198 793 1299 868 haud
1328 818 1403 867 am·

265 912 378 1011 bigue
411 913 511 986 sacta
540 912 590 986 ad
618 925 766 1008 tempus
793 913 1036 1009 praeteritum
1064 915 1284 1008 referuntur,
1315 943 1404 1013 qua-

265 1033 319 1108 les
360 1050 447 1108 sunt
482 1034 581 1127 idn,
618 1030 824 1127 πολλάκις
861 1034 1074 1132 similesque
1111 1063 1247 1131 voces3
1284 1038 1330 1112 cs.
1371 1039 1404 1111 II
1502 1101 1520 1122 ,
1604 1127 1612 1134 ·

271 1182 330 1249 11,
372 1183 397 1251 4
437 1153 600 1236 πολλά
613 1188 689 1248 κις
724 1156 760 1233 τδ
797 1152 936 1236 ἔλασσον
973 1166 1095 1253 πλῆθος
1130 1161 1236 1254 δεδιδς
1273 1156 1405 1264 ἄμεινον

265 1276 455 1385 ἠμύνατο
481 1277 557 1373 τοὺς
582 1280 734 1371 πλέονας.

288 1402 357 1489 Ad
385 1418 594 1477 extremum
623 1401 763 1475 mentio
785 1417 842 1476 est
866 1402 1037 1477 facienda
1062 1405 1142 1503 ejus
1166 1405 1292 1479 aoristi
1317 1431 1404 1479 usus

265 1549 342 1621 quo
391 1524 486 1626 vim
536 1524 680 1598 habet
730 1507 1187 1623 plusquamperfecti
1230 1527 1404 1602 Latini.
1517 1537 1519 1542 “

268 1647 321 1720 Ut
343 1646 424 1745 jam
452 1646 759 1744 supradiximus,
784 1645 913 1743 lingua
937 1648 1084 1723 Graeca
1108 1649 1292 1723 rationem
1315 1665 1405 1723 tern-

266 1767 448 1867 poralem‚
483 1794 581 1867 quae
609 1770 704 1842 inter
731 1770 879 1862 diversa
907 1770 1008 1845 facta
1033 1772 1238 1863 intercedit,
1269 1771 1404 1868 signifi·

267 1916 352 1965 care
381 1914 455 1964 non
484 1905 600 1983 curat,
626 1904 756 1964 contra
779 1917 823 1965 ac
846 1890 973 1990 lingua
998 1893 1144 1986 Latina,
1169 1894 1205 1966 in
1230 1919 1305 1992 qua
1329 1895 1405 1968 duo

265 2029 451 2110 tempora,
492 2010 899 2111 plusquamperfectum
942 2030 981 2089 et
1017 2015 1180 2089 futurum
1219 2032 1404 2103 exactum,

267 2137 316 2210 ad
343 2135 380 2208 id
409 2136 529 2232 ipsum
557 2135 745 2210 destinata
771 2152 868 2210 sunt.
898 2137 959 2210 Sic
986 2137 1022 2210 in
1051 2136 1136 2210 loco
1165 2140 1197 2211 11
1229 2162 1262 2229 2,
1300 2163 1313 2212 1
1347 2164 1403 2235 sq.

267 2263 426 2363 Θηβαίων
451 2252 568 2362 ἄνδρες
592 2301 643 2314 -
667 2259 840 2344 ἐσῆλθον
863 2261 933 2363 περὶ
956 2273 1079 2364 πρῶτον
1102 2255 1200 2338 ὕπνον
1224 2257 1284 2353 ξὺν
1299 2258 1408 2354 θπλοις

268 2383 301 2472 ἐς
328 2375 502 2458 Πλάταιαν
517 2423 582 2456 -.
598 2377 860 2484 ἐπηγάγοντο
888 2379 924 2458 δὲ
953 2386 1009 2459 καὶ
1038 2379 1187 2485 άνέρξαν
1214 2376 1274 2474 τάς
1300 2377 1408 2474 πάλας

268 2486 443 2581 Πλαταιῶν
481 2497 597 2609 άνδρες
633 2508 706 2580 κτλ.
745 2528 896 2600 prorsus
932 2501 1033 2576 nullo
1064 2503 1179 2577 modo
1207 2503 1409 2578 indicatum

270 2641 328 2700 est
365 2625 531 2700 actiones
568 2625 779 2699 arcessendi
818 2622 1049 2729 (ἐπηγάγοντο)
1085 2642 1124 2700 et
1151 2621 1408 2722 ⁴patefacien'di
1454 2700 1457 2707 ,

271 2747 447 2852 (άνέῳξαν)
475 2747 818 2846 praecessisse
841 2746 1028 2822 actionem
1052 2748 1210 2822 intrandi
1231 2750 1406 2846 (ἐσῆλθον),

270 2871 373 2969 quod
423 2869 551 2944 lectori
599 2895 621 2944 e
667 2885 845 2944 contextu
886 2868 1138 2968 colligendum
1180 2868 1407 2966 relinquitur.

270 2993 394 3091 Saepe
430 2992 693 3092 conjunctione
730 2992 928 3090 temporali
963 2991 1080 3089 (velut
1108 2993 1232 3090 ἐπειδά)
1260 2993 1409 3092 adjecta

269 3115 330 3189 vel
358 3115 538 3190 adverbio
566 3113 765 3213 temporali
792 3115 941 3214 adjecto
970 3113 1087 3213 (velut
1114 3113 1276 3222 πρότερον)
1300 3115 1409 3213 signi·

270 3238 402 3313 ficatur
435 3236 594 3313 alteram
633 3253 754 3312 utram
791 3238 979 3313 actionem
1016 3235 1123 3311 alteri
1151 3238 1408 3312 antecessisse.

270 3361 312 3434 In
340 3385 515 3435 sermone
542 3360 679 3434 Latino
703 3361 916 3459 hujusmodi
938 3359 1029 3433 locis
1053 3359 1206 3433 omnino
1231 3359 1309 3433 fieri
1334 3384 1409 3433 non

269 3499 395 3582 potest
431 3483 520 3582 quin
556 3481 965 3581 plusquamperfectum
1002 3481 1236 3556 adhibeatur.
1274 3481 1335 3554 Sic
1373 3481 1409 3555 in
1440 3471 1448 3488 ⁴

184 3641 188 3648 ·
269 3607 468 3681 enuntiatis
492 3632 606 3704 supra
627 3603 787 3680 laudatis
811 3609 946 3692 ἐσῆλθον
965 3605 1188 3679 vertendum
1203 3619 1261 3678 est
1281 3604 1410 3698 „intra-

268 3729 428 3804 verunt”
468 3728 574 3827 (perf.
614 3729 771 3826 histor),
809 3725 1010 3832 ἐπηγάγοντο
1041 3743 1168 3801 autem
1197 3742 1235 3801 et
1263 3726 1411 3831 ἀνέῳξαν

274 3851 711 3947 „arcessiverant’',
760 3848 1136 3948 „patefecerant”
1180 3846 1410 3947 (plusqupf).

270 3973 415 4049 Eadem
451 3971 545 4046 ratio
583 3988 641 4047 est
677 3971 881 4070 imperfecti
917 3971 953 4044 V
998 3976 1055 4063 16,
1099 3996 1112 4043 1
1154 3970 1262 4058 ἐπειδη
1298 3970 1334 4049 δὲ
1362 4015 1414 4028 -

269 4096 426 4182 ἐτεθνήκει
450 4093 561 4172 Κλέων
583 4126 616 4173 τε
640 4097 697 4174 καὶ
721 4097 898 4201 Βρασίδας,
922 4105 1008 4199 οἵπερ
1030 4092 1252 4198 ἀμφοτέρωθεν
1267 4090 1415 4196 μάλιστα

270 4221 545 4305 ἠναντιοῦντο
571 4231 611 4322 τῇ
640 4218 753 4324 εἰρήνη
779 4217 801 4291 i.
826 4243 858 4290 e.
890 4217 975 4313 „qui
996 4241 1144 4290 summa
1167 4241 1241 4313 ope
1265 4240 1416 4312 semper

270 4339 516 4414 adversati
544 4355 679 4414 erant
707 4338 907 4437 quominus
935 4364 1010 4436 pax
1038 4335 1182 4412 fieret.''

327 4463 571 4560 Quamquam
612 4477 739 4538 autem
776 4477 1037 4559 exspectamus
1075 4459 1288 4560 hujusmodi
1324 4457 1416 4534 locis

272 4584 529 4687 imperfectum
558 4598 597 4661 et
624 4583 802 4662 aoristum
827 4608 949 4684 aeque
972 4581 1141 4659 adhiberi
1163 4597 1201 4655 et
1223 4596 1302 4658 turn
1327 4606 1417 4682 quo-
