3726 5656
451 832 601 932 ὁρμίσας
639 824 842 926 legendum
871 840 928 900 est
956 850 1040 899 cum
1068 824 1178 900 codd.
1209 823 1293 913 CG,
1324 849 1398 900 non
1427 826 1592 931 ὁρμήσας

452 950 555 1047 quod
584 949 698 1025 ceteri
725 948 836 1025 codd.
865 948 1048 1046 praebent
1075 946 1135 1044 (cs.
1166 946 1309 1045 Steupii
1337 972 1423 1022 ann.
1454 947 1504 1023 ad
1527 945 1588 1046 l.)3

453 1073 649 1147 deforma
676 1070 986 1178 ἐφορμηθέντας
1014 1093 1128 1168 quam
1157 1070 1305 1144 codices
1328 1071 1512 1168 praebent
1534 1070 1588 1144 VI

453 1221 516 1290 49,
555 1219 580 1289 4
614 1195 787 1270 videatur
823 1193 967 1292 Steupii
1004 1191 1219 1292 „Anhang”
1250 1194 1300 1267 ad
1329 1219 1414 1268 eum
1442 1192 1588 1268 Iocum:

448 1319 532 1419 jure
574 1317 750 1415 Steupius
792 1316 974 1390 Boehmio
1016 1341 1084 1413 pro
1122 1316 1361 1420 ἐφορμηθέντας
1397 1314 1590 1413 praeclare

453 1440 679 1545 ἐφόρμησιν
706 1437 757 1520 τοί
782 1439 976 1513 conicienti
1006 1438 1175 1513 assentiri
1202 1437 1362 1513 videtur.

482 1563 546 1638 Ad
574 1563 668 1638 haec
682 1563 800 1638 verba
814 1560 1085 1660 significatione
1099 1561 1284 1635 accedunt
1298 1586 1345 1635 ea
1359 1563 1476 1636 verba
1490 1587 1590 1659 quae

453 1685 665 1783 significant
718 1682 1023 1777 „custodire”‚
1072 1683 1395 1779 „observare”:
1437 1697 1588 1793 τηρεῖν,

453 1819 652 1914 φρουρεῖν,
683 1806 920 1914 φυλάσσειν.

481 1932 595 2008 Verbi
617 1941 756 2037 τηρεῖν
778 1930 1034 2030 imperfectum
1050 1954 1074 2024 4
1090 1929 1247 2005 occurrit
1262 1931 1300 2027 (3
1317 1945 1403 2027 act,
1427 1957 1439 2005 1
1460 1935 1589 2032 pase),

452 2055 528 2131 ind.
571 2082 650 2131 aor.
680 2080 755 2129 non
780 2056 946 2129 occurrit.
970 2053 1180 2152 Compositi
1202 2056 1407 2161 ἐπιτηρεῖν
1430 2057 1590 2132 aoristus

454 2179 605 2254 omnino
636 2203 711 2252 non
740 2177 909 2268 occurrit,
938 2176 1082 2273 imperf.
1115 2200 1148 2250 2.

506 2300 623 2376 Verbi
650 2311 841 2409 φρουρεῖν
869 2300 1026 2400 ejusque
1054 2299 1348 2398 compositorum
1363 2302 1426 2406 ἐμ·
1440 2317 1591 2409 θῖηερι-

452 2434 639 2531 φρουρεῖν
668 2425 786 2523 (quod
807 2423 1068 2498 tantummodo
1083 2423 1137 2497 III
1157 2447 1218 2512 ει,
1242 2420 1430 2523 4legitur)
1444 2440 1590 2501 tantum

453 2549 710 2646 praesenticae
744 2547 900 2636 formae,
939 2546 976 2621 in
1011 2545 1145 2645 quibus
1181 2571 1366 2646 persaepe
1400 2548 1592 2649 imperiec-

453 2687 543 2761 tum,
575 2671 821 2746 inveniuntur.

507 2794 622 2870 Verbi
663 2789 880 2898 φυλάσσειν
917 2818 1102 2892 persaepe
1139 2792 1255 2891 impf.,
1294 2819 1480 2892 nusquam
1514 2796 1588 2872 ind.

453 2943 531 2993 aor.
584 2917 752 2992 occurrit.
792 2916 1054 3014 Compositum
1090 2912 1404 3021 διαφυλάσσειν
1445 2933 1591 2994 tantum

453 3038 569 3116 semel
598 3039 771 3114 occurrit:
798 3040 830 3112 II
856 3045 917 3134 65,
942 3061 961 3136 5
993 3038 1067 3119 ὅσον
1088 3072 1120 3118 τε
1141 3034 1206 3144 γὰρ
1227 3040 1346 3146 χρόνον
1365 3037 1507 3146 προῦστη
1534 3056 1593 3137 τῆς

450 3163 572 3258 πόλεως
599 3207 651 3219 -
679 3151 834 3266 οέσφαλιῖνς
875 3158 1130 3266 διεφύλαξεν
1172 3159 1291 3257 αι’ντήν,
1329 3163 1392 3239 ubi
1430 3190 1507 3240 aor.
1531 3181 1590 3242 est

454 3284 787 3384 complexivuS.

507 3410 571 3483 Ad
595 3409 711 3486 verba
731 3407 915 3502 durativa,
938 3423 979 3482 ut
1002 3407 1054 3482 ita
1077 3407 1211 3501 dicam,
1238 3409 1425 3506 pertinent
1435 3437 1589 3510 quoque

453 3532 698 3612 α’κολουθεῖν
721 3545 759 3606 et
777 3526 951 3622 ἕπεσθαι,
968 3529 1109 3628 quippe
1126 3555 1225 3628 quae
1241 3532 1357 3606 verba
1373 3531 1593 3632 plerumque

453 3655 617 3729 indicent
637 3655 870 3729 actionem
894 3654 1122 3751 sequendi
1142 3655 1495 3753 comitandique
1518 3655 1593 3731 ali-

454 3778 673 3878 quamdiu
697 3778 1027 3869 continuatam,
1046 3778 1125 3852 sive
1144 3778 1296 3877 proprio
1314 3777 1394 3853 sive
1410 3778 1592 3856 translato

453 3928 577 3980 sensu.
1057 3895 1062 3908 ⁸

507 4024 621 4099 Verbi
650 4023 901 4105 ἀκολουθεῖν
939 4023 1042 4121 impf.
1084 4043 1118 4118 7,
1154 4022 1229 4099 ind.
1259 4048 1338 4099 aor.
1368 4024 1484 4099 semel
1513 4041 1593 4100 tan-

453 4163 532 4222 tum
570 4147 728 4222 occurrit
770 4146 821 4221 IV
861 4170 923 4240 94,
968 4171 981 4219 1
1024 4172 1108 4220 cum
1146 4145 1326 4245 plqpsecti
1363 4147 1485 4222 Latini
1523 4149 1593 4248 sig·

453 4269 677 4346 nificatione.
723 4269 932 4367 Compositi
969 4271 1269 4351 ἐπακολουθεῖν
1305 4271 1408 4369 impf.
1449 4297 1483 4367 3,
1517 4272 1591 4347 ind.

454 4420 532 4469 aor.
562 4393 679 4469 semel
709 4393 866 4469 occurrit
893 4393 981 4466 VIII
1017 4416 1074 4487 10,
1107 4419 1126 4467 2
1157 4420 1242 4468 cum
1271 4391 1450 4493 plqpiecti
1471 4395 1593 4470 Latini

455 4517 738 4616 significatione.
770 4515 1033 4616 Compositum
1061 4522 1393 4612 ξυνακολουθεῖν
1424 4542 1444 4613 3
1471 4544 1593 4596 occur·
1690 4531 1692 4536 ’

453 4641 510 4734 rit,
539 4640 679 4739 ubique
706 4641 777 4716 sub
806 4640 926 4715 forma
960 4635 1313 4739 ξυνηκολούθουν.
