3770 5662
963 561 1034 632 106

446 785 525 846 tam
577 769 797 861 orationem,
849 792 924 865 qua
965 765 1121 844 militum
1163 767 1275 844 animi
1318 767 1589 842 confirmantur·

448 891 721 991 incitanturque
759 891 807 965 ad
844 915 1024 989 pugnam,
1061 887 1218 988 legitur3
1257 889 1390 963 mirum
1428 903 1589 965 nonest

448 1013 705 1113 hujuscemodi
745 1010 837 1088 locis
873 1012 924 1086 ad
960 1009 1244 1088 accelerandum
1280 1011 1502 1087 narrationis
1537 1025 1589 1086 te·

450 1162 580 1214 norem
609 1161 632 1212 a
659 1150 786 1212 nostro
814 1134 993 1212 aoristum
1021 1134 1199 1227 adhiberi,
1226 1160 1302 1232 quo
1327 1134 1369 1209 fit
1391 1149 1432 1210 ut
1455 1159 1586 1211 eorum

450 1257 617 1334 locorum
654 1256 841 1356 plerisque
876 1257 991 1332 etiarn
1024 1257 1226 1331 verborum
1261 1255 1500 1332 vicinantium
1528 1281 1591 1330 ao

452 1382 560 1458 ristus
597 1396 807 1479 usurpetur,
845 1380 908 1478 qui
935 1378 1006 1454 loci
1034 1394 1140 1456 sunt:
1170 1378 1226 1452 IV
1255 1403 1291 1472 9,
1320 1404 1345 1473 4
1373 1375 1470 1473 ξ’ταξ
1477 1412 1490 1458 ε
1517 1374 1592 1470 τοὺς

451 1510 664 1597 ὁπλίτας-
692 1505 749 1582 καὶ
799 1497 1134 1609 παρεκελεύσατο
1183 1498 1313 1599 τοιούδε;
1364 1501 1417 1574 VI
1461 1505 1522 1594 86,
1567 1505 1590 1574 6

451 1622 807 1731 παρεκελεύσαντο
835 1627 892 1704 καὶ
919 1621 1087 1718 ἓ’λεξαν;
1115 1624 1187 1698 VII
1218 1630 1279 1717 60,
1305 1647 1324 1719 5
1355 1618 1592 1729 παρεκελεύ-

453 1780 552 1828 σατο
580 1791 632 1803 -
661 1754 718 1826 καὶ
754 1744 887 1841 ξ’λεξες
918 1752 980 1841 65,
1012 1770 1031 1819 2
1061 1743 1426 1851 παρεκελεύσαντο
1454 1789 1506 1800 -
1535 1751 1593 1823 καὶ

453 1865 622 1963 ἐ’λεξαν;
652 1869 835 1966 quaevis
864 1867 990 1946 aoristi
1018 1867 1265 1944 accelerativa
1293 1867 1393 1946 clare
1414 1867 1536 1944 elucet
1556 1867 1593 1941 in

453 1990 538 2067 loco
575 1991 628 2065 IV
667 2013 751 2087 125,
790 2017 815 2086 4
850 1998 907 2072 καὶ
943 1993 1014 2096 πρὶν
1050 1988 1125 2084 τοὺς
1158 1998 1336 2096 πολεμίους
1366 1988 1464 2096 ἐγγὺς
1500 1990 1593 2082 εἶναι,

455 2118 505 2207 ὦς
532 2108 604 2193 διὰ
632 2114 793 2220 ταχέων
815 2110 1142 2219 παρεκελεύσατο
1165 2123 1231 2207 τοῖς
1254 2113 1463 2220 στρατιώταις
1487 2110 1595 2194 τοιοίδε

454 2237 477 2312 i.
503 2262 536 2311 e.
566 2238 780 2335 „quomodo
802 2237 839 2312 in
860 2263 900 2312 re
919 2237 1066 2336 trepida
1079 2236 1180 2311 licuit
1194 2237 1409 2312 cohortatus
1425 2253 1482 2312 est
1496 2233 1593 2312 etc.'’

511 2359 627 2436 Verbi
656 2369 878 2466 παραινεῖν
911 2359 1158 2454 „cohortari”,
1193 2360 1412 2450 „suadere”,
1441 2373 1596 2458 propter
1709 2399 1712 2404 Α

455 2482 533 2556 vim
574 2483 655 2581 ejus
695 2482 992 2580 exspectativam
1033 2482 1182 2580 saepius
1219 2484 1301 2581 (16)
1337 2483 1596 2581 imperfectum

457 2605 631 2698 occurrit3
656 2605 783 2680 aoristi
805 2604 1025 2680 indicativus
1048 2605 1105 2679 bis
1127 2621 1274 2681 tantum
1294 2604 1450 2704 legitur:
1476 2604 1595 2681 altero

457 2724 541 2801 loco
569 2727 618 2825 (II
650 2750 710 2819 21,
743 2752 763 2821 3
793 2722 838 2805 ὧν
865 2728 1071 2834 παρῄνεσε
1098 2727 1250 2834 πρότερον
1278 2728 1458 2831 ἐμέμνηντο
1487 2723 1595 2828 οὐδέν)

457 2847 730 2946 significatione
755 2847 935 2948 plqpsecti
959 2850 1081 2924 Latini
1096 2851 1286 2947 praeditus
1300 2851 1592 2949 (,‚m0nuerat'')‚

458 2970 578 3048 altero
613 2971 662 3070 (V
699 2977 761 3066 69,
803 2973 839 3069 2)
876 2988 964 3070 post
999 2972 1158 3049 relatam
1192 2972 1401 3047 orationem
1438 2974 1476 3048 vi
1513 2999 1597 3049 con·

458 3093 597 3167 stativa
633 3092 819 3167 adhibitus
854 3109 931 3167 est:
960 3103 1027 3187 τοῖς
1051 3094 1113 3201 μὲν
1140 3089 1290 3202 Ἀργείοις
1317 3101 1374 3173 καὶ
1404 3091 1598 3202 ξυμμάχοις

458 3224 593 3295 τοιαῦτα
620 3216 850 3326 παρῃνέθη.

516 3339 631 3413 Porro
659 3339 731 3412 huc
758 3338 953 3413 reserenda
980 3356 1067 3415 sunt
1097 3365 1144 3415 ea
1172 3341 1290 3414 verba
1319 3340 1453 3439 quibus
1481 3339 1599 3415 invi-

459 3460 588 3536 tandi
634 3461 738 3535 notio
775 3461 891 3536 inest:
927 3463 1234 3557 ἐπικαλεῖσθαι,
1280 3470 1599 3570 προκαλεῖσθαι,

459 3590 740 3688 παρακαλεῖν,
769 3609 929 3682 quorum
950 3585 1079 3662 formis
1100 3585 1343 3684 praesenticis
1365 3587 1599 3685 exspectatio

461 3706 700 3806 significatur.

515 3828 631 3904 Verbi
665 3830 948 3910 ἐπικαλεῖσθαι
986 3831 1128 3930 (med),
1163 3833 1235 3925 „ad
1262 3857 1303 3906 se
1331 3833 1508 3926 vocare”,
1542 3833 1601 3923 „in
1660 3827 1662 3832 ’

463 3950 638 4026 auxilium
674 3951 851 4045 vocare'’‚
889 3951 1013 4051 plures
1049 3954 1308 4052 praesenticae
1345 3982 1459 4054 quam
1487 3956 1601 4030 aoris-

461 4075 558 4148 ticae
602 4075 747 4148 formae
786 4074 1034 4150 inveniuntur.
1078 4075 1300 4176 Plerumque
1342 4076 1602 4176 imperfectum

463 4221 547 4270 cum
571 4194 722 4271 alterius
745 4196 850 4272 verbi
864 4197 1084 4295 imperfecto
1100 4200 1339 4298 conjunctum
1355 4200 1523 4276 occurrit.
1541 4200 1603 4274 Bis

463 4318 655 4398 ε’κέλευον
692 4319 877 4416 sequitur:
917 4319 932 4392 I
975 4343 1059 4413 101,
1101 4345 1114 4394 1
1151 4318 1267 4401 Θοίσιοι
1295 4320 1331 4400 δὲ
1358 4365 1410 4378 -
1437 4325 1604 4402 Λακεδαι-

462 4447 597 4546 μονίους
627 4443 906 4530 ἐπεκαλοῦντο
934 4448 991 4520 καὶ
1012 4444 1177 4547 ἐπαμῦναι
1201 4442 1416 4539 ε’κέλενονς
1439 4445 1604 4520 similiter

466 4561 519 4636 IV
541 4565 604 4657 48,
628 4587 641 4636 1
661 4557 735 4656 τούς
748 4595 781 4640 τε
805 4557 994 4657 Ἀθηναίους
1022 4566 1300 4647 ἐπεκαλοῦντο
1328 4573 1385 4648 καὶ
1413 4569 1605 4650 ἐκέλευον
