3726 5656
636 1443 1022 1510 CONSPECTUS.

677 1801 797 1868 PARS
826 1802 978 1869 PRIOR.

234 2026 451 2088 PRAEFAmo
470 2069 1312 2087 ................

233 2144 358 2209 CAPUT
378 2157 538 2207 PRIMUM.
563 2144 623 2206 De
647 2140 905 2226 imperfecti
930 2149 972 2205 et
996 2142 1155 2206 aoristi
1176 2161 1251 2206 usu
1271 2142 1313 2205 in

276 2284 436 2348 genere
462 2265 721 2348 disputatur
746 2309 1311 2326 ...........

232 2386 357 2451 CAPUT
376 2399 568 2450 menum,
586 2385 647 2447 De
667 2383 921 2467 imperfecti
943 2391 985 2446 et
1006 2383 1168 2446 aoristi
1189 2403 1313 2466 quem

276 2505 317 2568 in
340 2504 602 2587 Thucydide
627 2502 1004 2587 deprehendimus
1029 2522 1114 2566 usu.

278 2625 321 2688 A.
345 2626 396 2689 De
418 2624 528 2689 variis
550 2624 657 2688 modis
680 2623 797 2705 quibus
819 2622 1049 2706 imperfectum
1073 2623 1258 2689 adhibetur.

322 2755 336 2818 5
365 2763 391 2808 1.
416 2745 469 2808 De
494 2743 694 2827 imperfecto
718 2743 875 2806 durativo
915 2791 1312 2808 .........
1383 2758 1422 2826 35

322 2875 336 2938 5
363 2881 391 2928 2.
418 2866 470 2928 De
495 2863 696 2947 imperfecto
721 2864 879 2928 iterativo
915 2912 1312 2929 ........
1385 2866 1424 2946 58

322 2995 336 3058 5
361 3003 391 3067 3.
416 2986 469 3048 De
494 2983 695 3068 imperfecto
719 2985 928 3066 descriptivo
969 3030 1313 3049 .......
1382 2986 1425 3049 68

322 3114 336 3177 5
360 3122 392 3185 4.
416 3105 470 3168 De
494 3104 695 3188 imperfecto
719 3103 916 3166 incohativo
971 3152 1313 3169 .......
1382 3119 1425 3188 77

322 3235 336 3298 5
363 3238 391 3306 5.
416 3225 469 3287 De
494 3224 694 3308 imperfecto
718 3224 878 3287 conativo
914 3272 1312 3289 ........
1383 3227 1423 3308 85

322 3354 336 3417 5
361 3345 393 3407 6.
419 3345 470 3407 De
495 3343 696 3426 imperfecto
720 3344 957 3426 exspectativo
972 3392 1314 3408 .......
1383 3347 1426 3428 98

323 3474 337 3537 5
361 3477 392 3546 7.
417 3465 470 3527 De
494 3463 695 3546 imperfecto
720 3463 865 3546 petitivo
916 3511 1314 3526 ........
1365 3481 1425 3527 112

322 3594 336 3657 5
361 3585 390 3648 8.
417 3585 469 3647 De
494 3583 695 3668 imperfecto
719 3585 886 3647 attentivo
917 3630 1314 3647 ........
1366 3585 1425 3647 118

323 3715 393 3788 59.
418 3703 471 3768 De
495 3703 696 3788 imperfecto
720 3723 798 3768 cum
823 3703 1005 3787 negatione
1030 3703 1215 3786 conjuncto
1254 3721 1427 3784 120—124

398 4129 518 4193 PARS
543 4129 740 4193 ALTERA
764 4131 929 4214 (nondum
953 4131 987 4192 in
1011 4129 1123 4192 lucem
1148 4130 1262 4213 edita).

281 4327 318 4390 B.
342 4328 395 4391 De
416 4327 527 4392 variis
549 4327 655 4391 modis
677 4326 794 4409 quibus
815 4327 961 4392 aoristus
984 4326 1171 4391 adhibetur.

323 4458 339 4521 5
370 4464 419 4512 10.
443 4448 497 4511 De
521 4447 648 4510 aoristo
675 4447 872 4529 ingressiv0.

321 4577 337 4640 5
365 4585 413 4630 11.
440 4567 492 4630 De
517 4566 642 4632 aoristo
667 4565 837 4630 effectiva
