3770 5662
829 588 876 664 53

285 786 322 862 in
360 785 494 884 quibus
531 782 649 859 multa
676 783 905 882 imperfecta,
935 757 1048 881 quarn
1078 780 1273 860 aoristicae
1301 805 1425 855 occur·

286 922 381 984 runt.
421 907 646 982 Indicativus
685 905 812 981 aoristi
844 904 1107 982 tantummodo
1146 905 1203 980 bis
1234 905 1264 1004 (I
1296 923 1358 1000 27,
1392 903 1427 1000 2)

285 1029 434 1130 legitur,
463 1030 511 1107 de
539 1029 673 1128 quibus
699 1027 790 1103 locis
817 1028 912 1105 inira
940 1031 976 1128 (ᾖ
1005 1031 1043 1128 6)
1072 1026 1225 1102 dicetur.

341 1153 551 1251 Compositi
572 1151 745 1232 α’ποδεῖν
767 1150 816 1226 nil
831 1152 901 1227 nisi
914 1166 1009 1251 part.
1026 1176 1148 1250 praes.
1159 1150 1245 1248 (bis)
1258 1147 1426 1225 occurrit.

341 1275 646 1375 Compositorum
682 1278 881 1382 προσδεῖν
925 1274 1098 1372 „insuper
1129 1298 1225 1372 opus
1253 1271 1361 1347 esse'’
1390 1286 1429 1346 et

286 1403 461 1505 προσδεῖ
466 1401 568 1479 σδαι
603 1398 775 1496 „insuper
803 1397 943 1496 egere’'
971 1396 1233 1472 tantummodo
1254 1419 1429 1493 praesen·

288 1523 384 1598 ticae
407 1523 562 1616 formae,
588 1521 624 1596 in
650 1521 785 1621 quibus
800 1519 917 1596 semel
930 1521 1141 1617 iterumque
1156 1519 1427 1619 imperfectum,

290 1660 498 1722 occurrunt.

345 1769 461 1846 Verbi
488 1774 616 1875 δῃοῦν
650 1766 914 1867 ¹„populari”
944 1766 1048 1865 imps.
1082 1785 1128 1862 27
1159 1765 1329 1858 occurrit,
1352 1789 1430 1864 quo

289 1893 509 1994 imperfecto
550 1890 755 1991 populandi
796 1891 895 1967 actio
933 1889 1151 1965 continuata
1190 1887 1428 1987 exprimitur3

291 2015 451 2091 aoristus
491 2014 626 2114 legitur
668 2015 730 2090 ubi
772 2010 979 2112 populatio,
1022 2036 1252 2110 quamquam
1295 2010 1431 2086 diutius

292 2140 519 2232 continuata,
545 2138 666 2213 obiter
687 2150 916 2214 memoratur
930 2137 1023 2234 (aot.
1040 2131 1430 2233 constat.-e0mplex.)‚
1515 2181 1518 2188 -

292 2260 396 2337 velut
424 2260 478 2334 lV
502 2283 565 2356 45,
595 2286 607 2334 1
637 2263 694 2340 καὶ
716 2256 991 2365 καθυρμισᾶμενα
1010 2258 1071 2343 τήν
1091 2289 1123 2336 τε
1146 2270 1210 2361 γῆν
1239 2257 1431 2363 ἐδῄωσαν

293 2391 350 2464 καὶ
384 2383 444 2472 τὴν
479 2379 583 2463 νύκτα
616 2380 812 2476 ηὐλίσαντο,
850 2382 900 2455 ΙΙΙ
940 2385 1001 2476 26,
1043 2380 1283 2486 3ἐδῄωσαυ
1312 2376 1348 2458 δὲ
1375 2392 1433 2472 τῆς

295 2503 440 2600 Ἀττικῆς
466 2503 511 2586 ταί
534 2539 566 2585 τε
593 2507 744 2613 πρθτερυν
772 2504 959 2611 τετμημένα
987 2510 1082 2582 κτλ.;
1114 2527 1345 2602 quamquam
1373 2500 1432 2576 hic

294 2627 548 2730 populationis
570 2630 710 2704 mentio
734 2627 787 2718 fit,
813 2653 910 2728 quae
934 2652 957 2702 a
976 2625 1286 2702 Lacedaemoniis
1301 2650 1433 2722 agrum

295 2753 462 2828 Atticum
507 2752 717 2828 incursione
761 2751 1020 2827 infestantibus
1066 2749 1202 2825 diutius
1237 2748 1433 2847 agebatur,

296 2891 424 2951 tamen
452 2901 531 2950 aor.
560 2875 769 2968 adhibetur,
799 2874 887 2974 quia
913 2874 1008 2950 haec
1036 2875 1156 2980 ἐσβαλῆ
1182 2871 1345 2946 breviter
1371 2871 1435 2945 ab·

296 2996 452 3074 solvitur
472 2999 564 3096 (aor.
591 2996 805 3097 complere).
830 2997 909 3072 Ind.
933 3023 1011 3072 aor.
1031 2995 1183 3072 omnino
1205 3019 1248 3089 13
1266 2993 1433 3070 occurrit.

349 3121 465 3196 Verbi
505 3118 712 3202 δύνασθαι
755 3119 855 3219 inps.
899 3144 947 3214 42
993 3118 1160 3211 occurrit,
1199 3142 1315 3215 saepe
1351 3141 1436 3191 cum

297 3244 501 3343 negatione
534 3245 771 3344 conjunctum
786 3244 813 3342 1)
850 3239 953 3317 velut
990 3242 1005 3315 Ι
1041 3265 1125 3336 130,
1161 3265 1201 3336 13
1232 3239 1265 3314 ΙΙ
1302 3264 1359 3332 19,
1395 3264 1435 3333 13

267 3391 362 3462 ,332
401 3392 444 3463 23
483 3371 544 3460 68,
585 3394 628 3462 93
666 3367 716 3442 HI
756 3389 817 3462 5²»
856 3391 900 3460 ²3
938 3369 1000 3458 89,
1033 3390 1077 3459 ²3
1114 3387 1199 3459 103,
1234 3389 1275 3458 13
1303 3363 1437 3460 imper'

302 3489 440 3564 fectum
483 3489 657 3564 describit
697 3489 896 3564 conamina
934 3487 1097 3586 (saepius
1132 3487 1246 3584 irrita)
1284 3483 1437 3584 alicujus

298 3613 351 3687 rei
387 3613 652 3688 conficiendae.
696 3612 921 3687 Indicativus
963 3610 1089 3686 aoristi
1125 3606 1276 3709 praeter
1312 3607 1436 3682 locum

300 3735 351 3810 III
386 3760 443 3830 10,
475 3742 510 3829 6,
541 3761 617 3834 quo
645 3733 755 3811 solito
779 3760 885 3809 more
910 3734 947 3808 in
975 3732 1167 3808 enuntiato
1197 3730 1437 3830 hypothetico

300 3873 498 3957 usurpatus
539 3873 607 3952 est,
646 3858 747 3933 hisce
780 3873 927 3934 tantum
964 3854 1055 3932 locis
1091 3854 1260 3949 occurrit,
1299 3855 1439 3954 ubique

302 4008 385 4058 curn
422 3981 624 4080 negatione
661 3982 899 4082 conjunctus:
939 3979 992 4055 IV
1030 4003 1091 4076 33,
1133 4003 1152 4053 α
1191 3988 1257 4073 τοῖς
1292 3977 1352 4084 μὲν
1381 3963 1437 4056 οὖν

301 4112 446 4198 ὁπλίταις
488 4101 563 4184 οὐκ
604 4106 869 4196 ἐδυνήθησαν
911 4109 1100 4212 πρασμεῖξαι
1142 4109 1237 4207 κτλ.;
1285 4126 1370 4195 129,
1413 4125 1438 4194 4

302 4234 422 4322 Νικίας
455 4223 671 4333 μὲν-οὐκ
700 4228 880 4318 ἐδυνήθη
917 4225 1097 4332 βιάσασθαι
1132 4230 1227 4320 κτλ.;
1255 4223 1291 4297 V
1322 4245 1383 4319 55,
1416 4248 1435 4296 2

301 4347 429 4456 ὕστερον
458 4348 494 4428 δὲ
522 4351 553 4442 ἐς
580 4349 616 4428 τδ
645 4345 722 4428 αδτδ
751 4348 955 4443 ξυνελθόντες
983 4343 1066 4426 οὐδ’
1094 4341 1144 4440 ὣς
1171 4347 1438 4436 ἐδυνήθησαν

307 4695 308 4700 ¹
341 4630 367 4698 1)
392 4631 433 4680 De
452 4613 604 4695 imperiecio
623 4643 682 4677 cum
699 4625 838 4692 negatione
858 4623 998 4691 conjuncto
1014 4624 1047 4674 ci.
1058 4640 1136 4690 supra
1146 4640 1172 4689 p.
1184 4635 1218 4687 30
1228 4638 1267 4689 sq.
1278 4627 1304 4672 et
1313 4621 1403 4688 inira§
1414 4635 1438 4686 9.
