3770 5662
824 551 872 630 97

331 746 382 821 VI
423 771 454 835 1,
490 771 504 820 1
538 740 658 851 ἄπειροι
686 749 716 830 οἱ
742 748 857 825 πολλοὶ
886 745 973 840 ύντες
1000 791 1052 802 -
1080 748 1127 826 ὅτι
1154 745 1192 827 ού
1217 755 1329 859 πολλῷ
1355 779 1416 830 τινι

274 868 497 974 ὑποδεέστερον
512 867 652 971 πόλεμον
675 865 752 972 α’νῃ
761 875 906 973 ροῦντο
925 868 947 953 ἢ
963 869 1017 948 τὸν
1032 869 1108 976 πρὸς
1123 877 1426 984 ΠελοποννησίουςἸ

275 991 378 1090 quod
400 990 503 1089 impf.
528 1004 627 1064 recte
651 988 704 1066 St.
730 989 842 1064 vertit
870 991 980 1086 „dass
1000 991 1053 1066 sie
1076 1018 1121 1066 zu
1143 994 1413 1068 unternehmen

274 1116 325 1193 im
354 1113 497 1214 Begrifs
519 1109 683 1188 waren”.

327 1235 502 1312 Similiter
535 1235 589 1309 VI
628 1259 690 1330 30,
732 1259 750 1308 2
788 1232 1018 1340 ἐνθυμούμενοι
1051 1237 1127 1318 ὅσον
1160 1245 1261 1317 πλοῦν
1293 1241 1330 1317 ἐκ
1356 1253 1415 1332 τῆς

274 1361 423 1466 σφετέρας
473 1358 796 1439 οἷπεστέλλοντοε
847 1359 1058 1456 cogitantes
1099 1387 1213 1459 quarn
1255 1359 1412 1462 longum

273 1482 352 1558 iter·
370 1481 502 1558 facturi
531 1495 668 1556 essent.

326 1605 380 1679 VI
410 1630 473 1700 99,
503 1629 517 1678 1
543 1606 755 1709 παρέβαλλον
780 1604 828 1682 ἐπὶ
852 1603 905 1682 τὸν
927 1610 1090 1710 Τρὼγιλον
1114 1601 1317 1712 καλούμενον
1339 1610 1412 1700 αιέί,

272 1721 351 1834 ᾗπερ
390 1723 601 1834 βραχύτατον
638 1728 824 1831 ἐγίγνετο
866 1722 976 1820 αὐτοῖς
1016 1727 1053 1825 (i.
1077 1753 1110 1803 e.
1153 1728 1412 1804 brevissimum

272 1850 435 1926 futurum
472 1851 568 1947 erat)
605 1851 641 1927 ἐκ
674 1857 731 1926 τοῦ
763 1845 911 1953 μεχαλου
949 1853 1078 1954 λιμένος
1114 1854 1166 1932 ε’πί
1199 1851 1259 1940 τὴν
1300 1853 1413 1957 ἑτέραν

261 1971 443 2053 Ιθαλααααν
474 1973 510 2051 τὸ
546 1971 782 2077 οἷποτείχισμαι
818 1988 920 2048 reete
957 1972 1072 2048 schol.
1108 1999 1242 2048 vocem
1271 1976 1412 2080 ἐγίγνετο

271 2096 382 2171 vertit
426 2091 595 2199 ἔμελλεν
638 2090 800 2173 ἔσεσθαι
842 2095 901 2192 (cf.
946 2119 1031 2170 ann.
1071 2096 1125 2170 St.
1164 2097 1213 2170 ad
1250 2095 1412 2196 locum);

272 2218 437 2294 similiter
479 2241 564 2309 τοι,
606 2242 619 2289 1
659 2217 812 2322 ἐτείχιζον
847 2261 900 2273 -
934 2211 1012 2321 ᾗπερ
1049 2214 1159 2311 αὐτοῖς
1200 2214 1412 2324 βραχύτατον

272 2343 456 2445 ἐγίγνετο
488 2345 657 2444 καταβᾶσι
685 2334 742 2418 διὰ
769 2347 826 2418 τοῦ
852 2335 981 2444 ὁμοέλου
1010 2343 1152 2419 καὶτοῦ
1179 2335 1272 2434 ἕλους
1299 2343 1331 2435 ἐς
1357 2341 1411 2421 τὸν

272 2462 451 2569 λιμένατό
479 2468 712 2567 περιτείχισμα.

325 2587 386 2661 De
409 2584 494 2661 loco
516 2584 587 2658 VII
619 2604 680 2681 71,
708 2601 728 2680 7
758 2582 1061 2689 (προσαπώλλυντο)
1083 2583 1165 2685 jam
1188 2611 1300 2684 supra
1324 2584 1412 2662 dixi·

272 2735 354 2786 mus
382 2738 418 2810 p.
451 2713 512 2783 28.
1198 2731 1201 2735 ·

272 2873 275 2878 ’
324 2833 389 2908 Ad
416 2848 623 2907 extremum
651 2830 724 2905 huc
752 2831 957 2907 trahendos
985 2846 1077 2930 puto
1105 2858 1172 2907 eos
1199 2831 1305 2907 locos
1332 2831 1408 2930 qui·

271 2956 340 3030 bus
368 2955 563 3054 participio
591 2954 856 3052 praesentis
884 2981 960 3052 quo
989 2954 1143 3030 consilio
1170 2953 1285 3054 legati
1309 2953 1409 3029 missi

270 3078 343 3152 sint
365 3077 607 3177 significatur,
630 3076 765 3174 quibus
788 3077 898 3173 igitur
921 3074 1012 3152 locis
1030 3077 1264 3176 participium
1286 3103 1412 3175 prae·

270 3201 417 3276 sentis
444 3225 514 3298 pro
542 3199 737 3297 participio
766 3200 910 3274 futuri
937 3200 1106 3298 usurpari
1135 3200 1293 3275 videtur.
1319 3200 1410 3274 Loci

265 3339 356 3398 'sunt
392 3323 447 3397 hi:
484 3323 535 3396 III
568 3343 630 3416 52,
663 3346 681 3393 2
711 3323 906 3427 προσπέμπει
934 3317 1043 3414 αὐτοῖς
1070 3323 1205 3427 κήρυκα
1232 3321 1411 3425 λέγοντα

271 3446 349 3543 (qui
385 3445 560 3544 diceret);
598 3468 698 3542 quae
734 3441 873 3518 locutio
901 3443 995 3518 redit
1023 3443 1094 3517 VII
1127 3467 1162 3538 3,
1197 3469 1233 3537 13
1261 3443 1314 3517 VI
1344 3446 1407 3533 88,

277 3595 321 3644 10
365 3571 510 3675 πρέσβεις
550 3568 682 3672 πέμπειν
723 3569 755 3659 ἐς
794 3563 1006 3671 Συρακούσας
1047 3564 1298 3659 κωλύονταςΙ
1329 3567 1408 3664 (qui

271 3692 525 3791 prohiberent)
551 3689 600 3795 μὴ
630 3694 821 3795 ξυμβαίνειν
850 3684 1049 3784 ’tenuatam
1078 3688 1150 3762 VII
1183 3712 1202 3762 2
1209 3710 1243 3783 5,
1269 3714 1291 3782 9
1316 3684 1408 3792 έπεμ·

269 3828 336 3920 ψαν
371 3812 407 3893 δὲ
442 3820 499 3892 καὶ
536 3815 568 3904 ἐς
594 3806 654 3904 τὰς
680 3812 787 3904 πόλεις
814 3811 962 3916 πρέσβεις
990 3814 1020 3889 οἱ
1046 3810 1235 3916 Συρακόσιοι
1262 3853 1315 3866 -
1344 3809 1412 3915 οἷχ·

269 3938 499 4042 χέλλοντας
545 3934 623 4032 (qui
671 3933 899 4032 nuntiarent)
945 3934 1006 4018 τήν
1047 3965 1079 4011 τε
1119 3941 1175 4012 τοῦ
1217 3939 1412 4038 Πλημυρίου

270 4065 368 4163 λῆψιν
396 4065 468 4137 κτλ.
479 4057 507 4155 ¹)
1178 4075 1179 4078 ’

740 4200 936 4216 —nuu—

275 4303 421 4315 ——n—

309 4398 335 4466 1)
354 4397 455 4448 Eodem
477 4394 557 4446 modo
582 4394 676 4445 Latine
700 4410 806 4460 quoque
833 4399 901 4459 part.
925 4408 1008 4459 praes.
1033 4390 1076 4441 hic
1101 4389 1156 4440 illic
1174 4395 1320 4456 usurpatur,
1339 4387 1412 4440 velut

270 4484 341 4550 apud
365 4485 469 4534 Livium
492 4482 557 4532 XXI
581 4481 608 4549 6,
632 4495 647 4532 2
675 4481 771 4549 „legati
796 4497 811 4530 a
835 4479 991 4546 Saguntinis
1006 4479 1118 4529 Romam
1136 4477 1218 4545 missi,
1235 4476 1360 4527 auxilium
1380 4476 1413 4525 ad

270 4571 368 4622 bellum
388 4599 424 4610 -
441 4567 610 4621 orantes”.

1286 4675 1318 4714 10
