3726 5656
992 540 1041 612 34

448 733 549 829 quod
573 730 732 828 improbi
755 729 894 806 laboris
915 756 984 807 nec
998 755 1072 804 non
1088 755 1410 828 supervacaneum
1425 728 1545 803 fuerit.
1557 730 1585 827 1)

447 854 547 954 Satis
583 853 697 929 habui
733 854 920 929 variorum
949 853 1076 928 aoristi
1104 868 1143 928 et
1169 851 1375 951 imperfecti
1403 877 1584 951 generum

448 978 537 1051 satis
574 975 691 1052 multa
728 1002 849 1075 eaque
885 976 985 1053 clara
1022 974 1195 1075 exempla
1228 975 1376 1050 referre.
1388 976 1416 1074 Β)
1445 976 1587 1049 Eorum

448 1112 574 1172 autem
603 1099 816 1192 verborum,
847 1125 1004 1198 quorum
1028 1098 1246 1197 imperfecta
1267 1113 1305 1172 et
1328 1097 1489 1173 aoristos
1512 1122 1588 1171 uno

449 1237 580 1296 tenore
617 1223 854 1319 pertractavi,
894 1249 1026 1300 omnes
1063 1221 1167 1297 locos
1202 1218 1352 1314 contuli,
1388 1236 1429 1295 ut
1465 1246 1513 1294 ex
1547 1220 1590 1293 iis

425 1353 550 1418 'certa
587 1344 775 1442 quaedam
815 1347 851 1419 in
883 1373 950 1421 usu
979 1344 1226 1443 Thucydideo
1250 1343 1461 1418 discrimina
1483 1341 1588 1417 elice-

449 1491 539 1540 rem.
566 1466 809 1565 Quamquam
833 1484 961 1544 autem
985 1468 1165 1567 imprimis
1187 1467 1392 1565 imperfecti
1411 1481 1449 1540 et
1463 1465 1589 1540 aoristi

449 1588 734 1664 indicativos
757 1592 928 1683 tractavi,
950 1607 1077 1667 tamen
1103 1590 1288 1664 interdum
1311 1587 1405 1664 alias
1437 1613 1590 1687 quoque
1659 1672 1664 1678 ,

450 1713 702 1808 praesenticas
739 1713 819 1789 sive
856 1715 1047 1789 aoristicas
1083 1713 1223 1788 formas
1261 1711 1425 1804 adhibui,
1456 1712 1591 1810 quibus

449 1832 643 1930 cujusdam
677 1836 782 1911 verbi
819 1836 1092 1935 praesenticam
1129 1837 1209 1911 sive
1237 1834 1450 1910 aoristicam
1479 1833 1591 1933 signi·

451 1954 664 2030 ficationem
691 1956 910 2035 luculentius
937 1958 1170 2035 illustrarem.

505 2074 571 2152 Ad
607 2094 815 2156 extremum
852 2083 1082 2157 monendum
1120 2081 1209 2155 mihi
1247 2094 1304 2156 est
1340 2095 1474 2155 natura
1511 2079 1594 2180 ejus

452 2200 632 2276 materiae
668 2231 782 2302 quarn
820 2205 891 2281 hoc
919 2203 1043 2281 libello
1073 2205 1308 2280 tractandam
1337 2204 1426 2278 mihi
1452 2205 1595 2302 sumpsi

452 2324 635 2418 evenisse,
659 2344 701 2403 ut
724 2354 840 2427 saepe
864 2327 1038 2427 exemplo
1058 2327 1264 2427 imperfecti
1280 2326 1470 2425 quendam
1485 2353 1593 2400 usum

451 2443 646 2522 illustranti
670 2448 794 2525 locum
818 2452 987 2552 ejusdem
1007 2452 1111 2526 verbi
1126 2451 1305 2526 aoristum
1325 2450 1593 2542 continentem,

453 2566 619 2667 itemque
646 2574 772 2649 aoristi
800 2574 976 2674 exemplo
999 2601 1116 2674 saepe
1139 2574 1308 2673 ejusdem
1332 2573 1437 2648 verbi
1461 2572 1594 2670 imper-

452 2690 591 2766 fectum
616 2697 741 2771 statim
765 2699 1017 2796 opposuerim,
1052 2699 1347 2797 quotiescunque
1374 2695 1469 2770 haec
1497 2697 1594 2771 ratio

453 2814 503 2889 ad
544 2816 677 2892 horum
712 2836 923 2920 temporum
963 2822 999 2896 in
1037 2821 1204 2920 quodam
1240 2820 1357 2895 verbo
1397 2818 1594 2894 discrimen

452 2936 724 3016 enucleandum
753 2960 843 3043 apta
871 2943 1080 3019 videbatur.
1449 2937 1451 2942 ’

459 3149 646 3164 μ’..

491 3259 517 3331 t)
536 3260 589 3326 Qui
603 3273 695 3310 omnes
717 3255 790 3307 locos
814 3253 947 3320 cujusdam
972 3253 1045 3303 verbi
1071 3252 1188 3303 conferre
1212 3252 1292 3319 volet,
1319 3251 1397 3302 facile
1423 3250 1540 3303 inveniet
1565 3251 1593 3304 iu

454 3351 572 3403 Indice
596 3343 819 3411 Thucydideo
844 3340 964 3392 confecto
989 3356 1005 3390 a
1029 3356 1055 3391 v.
1074 3339 1099 3390 d.
1119 3341 1156 3390 M.
1176 3341 1211 3390 H.
1231 3340 1266 3390 N.
1285 3351 1342 3389 von
1358 3339 1445 3390 Essuu
1466 3339 1596 3407 (Berolini

453 3437 525 3504 apud
548 3434 737 3486 Weidmannos
764 3428 858 3497 1887);
884 3427 956 3493 quod
980 3443 1046 3492 opus
1073 3427 1101 3476 in
1125 3426 1176 3476 hoc
1200 3425 1292 3476 libello
1311 3425 1474 3476 conficiendo
1493 3441 1596 3492 semper

453 3523 519 3575 mihi
537 3527 631 3589 praesto
649 3519 728 3570 fuisse
747 3531 795 3567 uec
814 3531 869 3566 non
888 3513 1040 3566 Lexicou
1058 3513 1319 3578 Thucydideum
1337 3512 1484 3563 confectum
1501 3529 1556 3564 av.
1573 3528 1596 3564 c.

454 3611 485 3662 E.
507 3611 538 3660 A.
558 3610 672 3658 Btmur
690 3603 816 3672 (Genevae
837 3600 988 3670 1843-47)
1005 3615 1083 3651 nemo
1102 3616 1156 3651 non
1176 3600 1310 3666 intelligit.

490 3697 518 3765 2)
536 3702 565 3746 ut
584 3695 632 3745 Fr.
652 3692 827 3742 Hunrscrttus
845 3704 951 3755 quoque
969 3688 997 3738 in
1016 3688 1147 3739 uberrimo
1170 3695 1196 3737 et
1214 3688 1406 3738 accuratissimo
1426 3703 1506 3753 opere
1527 3686 1596 3752 ,Die

454 3781 628 3835 erztthlenden
652 3776 810 3830 Zeitformen
834 3775 879 3825 bei
903 3773 1044 3840 Polybios”
1069 3773 1215 3841 (Abhandl.
1242 3774 1269 3824 d.
1294 3775 1378 3825 sachs.
1403 3773 1548 3824 Gesellsch.
1569 3773 1596 3824 d.

454 3865 614 3918 Wissensch.
641 3863 717 3913 Band
744 3862 809 3911 XIII
836 3877 862 3926 p.
894 3874 1010 3929 1-—2103
1039 3860 1195 3928 347-4683
1224 3860 1300 3912 Baud
1328 3861 1392 3912 XIV
1420 3877 1447 3926 p.
1479 3858 1596 3928 1-100)

453 3967 620 4019 nequaquam
638 3965 728 4000 omnes
746 3948 819 3999 locos
836 3947 994 4014 Polybiauos
1013 3949 1139 3999 tractavit.
