3726 5656
993 573 1042 628 20

443 766 672 872 ἀνδραγαθίαν
711 769 921 871 προτίθεσθαι·
963 762 1080 872 ἀγαθῷ
1120 759 1186 869 γὰρ
1228 763 1337 842 κακὸν
1371 761 1585 867 ἀφανίσαντες

444 903 559 980 καινῶς
581 894 711 991 μᾶλλον
739 887 959 991 ὠφέλησαν
988 885 1009 970 θ
1038 887 1074 963 ἐκ
1097 902 1160 965 τῶν
1184 888 1273 964 ἰδίων
1297 883 1489 991 ἔβλαψαν
1511 885 1533 960 i.
1550 910 1584 961 e.

452 1035 560 1103 „nam
597 1008 781 1108 ejusmodi
816 1009 986 1082 homines
1015 1007 1062 1083 eo
1091 1008 1193 1106 quod
1221 1007 1365 1081 fortiter
1392 1032 1434 1081 se
1461 1032 1586 1104 gesse·

447 1145 532 1205 runt
572 1130 656 1228 plus
697 1131 843 1228 patriae
884 1130 1103 1228 profuerunt
1140 1155 1255 1227 quam
1290 1129 1396 1204 lactis
1432 1129 1587 1227 privatis

448 1253 692 1328 nocuerunt.'’
722 1250 882 1327 Pericles
910 1252 1055 1326 aoristis
1083 1251 1253 1355 ὧφελησαν
1278 1268 1316 1327 et
1340 1249 1491 1357 ἔβλαψαν
1516 1277 1589 1325 non

450 1374 572 1448 solum
587 1374 736 1473 respicit
750 1390 900 1472 tempus
915 1399 990 1472 quo
1006 1372 1169 1472 loquitur
1182 1374 1248 1448 sed
1264 1373 1425 1471 quodvis
1439 1388 1589 1471 tempus

450 1497 530 1570 sive
544 1496 786 1594 praeteritum
801 1497 880 1570 sive
896 1495 1070 1586 futurum,
1082 1521 1158 1593 quo
1174 1496 1257 1593 quis
1270 1521 1339 1593 pro
1355 1495 1475 1594 patria
1486 1495 1590 1569 dimi-

451 1633 522 1693 cat.
562 1619 710 1692 Eodem
748 1619 863 1693 modo
895 1618 1074 1691 aoristum
1103 1617 1423 1715 interpretandum
1453 1633 1592 1693 censeo

453 1740 581 1838 paucis
603 1737 705 1832 locis,
730 1735 866 1837 quibus
888 1740 924 1813 in
948 1739 1142 1814 sententiis
1167 1739 1338 1831 occurrit,
1354 1739 1416 1836 qui
1433 1739 1592 1814 aoristus

453 1879 531 1936 tum
547 1888 684 1960 gnom
695 1863 734 1935 ic
744 1888 793 1935 us
807 1878 977 1955 vocatur,
988 1860 1091 1936 velut
1107 1862 1160 1935 ΙΙΙ
1177 1882 1241 1955 45,
1255 1867 1278 1935 6
1293 1867 1351 1940 καὶ
1364 1858 1447 1966 μετὰ
1461 1858 1591 1942 πάντων
1686 1956 1693 1972 ⁶

453 1979 588 2076 ἕκαστος
601 1982 781 2088 α’λογίστως
794 1986 845 2062 ἐπί
855 1984 951 2063 πλέον
965 2017 994 2062 τι
1010 1985 1108 2062 αὑτὸν
1145 1983 1345 2077 ἐθθξασεν
1367 1983 1389 2058 i.
1406 2009 1439 2060 e.
1466 1983 1495 2058 si
1511 1983 1593 2081 quis

454 2107 548 2180 inter
571 2104 695 2204 plures
717 2122 897 2196 versatur,
921 2132 968 2182 eo
983 2107 1064 2205 ipso
1075 2107 1156 2206 jam
1171 2104 1365 2181 meliorem
1380 2107 1593 2204 opinionem

454 2230 503 2302 de
530 2255 571 2303 se
598 2228 668 2302 sibi
696 2229 954 2303 conformavit.
985 2229 1057 2302 Hic
1079 2254 1155 2303 non
1177 2244 1326 2327 tempus
1351 2228 1593 2327 praeteritum
1698 2267 1705 2277 ·

455 2351 588 2449 respici
610 2365 770 2449 apparet
793 2377 840 2425 ex
868 2366 1119 2449 praesente
1148 2351 1251 2448 quod
1279 2351 1314 2424 in
1331 2351 1467 2426 eodem
1482 2377 1594 2425 enun-

456 2473 549 2546 tiato
585 2473 797 2570 praecedit:
831 2469 1029 2577 προάγει,
1059 2488 1100 2547 ut
1126 2473 1240 2547 etiam
1269 2473 1353 2548 loco
1381 2499 1493 2570 supra
1520 2472 1595 2547 lau·

456 2594 548 2668 dato
573 2594 662 2667 Her.
689 2593 704 2665 I
735 2618 807 2687 194
818 2594 927 2692 juxta
940 2595 1178 2669 inveniuntur
1191 2595 1350 2670 aoristus
1365 2610 1403 2669 et
1417 2620 1597 2693 praesens

457 2742 526 2790 nec
550 2741 626 2788 non
649 2713 901 2812 compluribus
924 2742 946 2791 e
970 2715 1060 2791 locis
1081 2744 1104 2792 a
1127 2715 1269 2792 Steinio
1293 2717 1329 2790 in
1354 2717 1597 2792 annotatione

448 2829 506 2913 'ad
534 2863 622 2912 eum
649 2835 772 2911 locum
800 2837 959 2912 laudatis
974 2828 1012 2936 ¹).

457 2987 459 2992 ·
515 2960 612 3033 Cum
653 2961 836 3058 ejusmodi
873 2960 1019 3034 aoristis
1055 2986 1130 3035 non
1164 2976 1251 3034 sunt
1286 2961 1538 3036 confundendi
1575 2961 1599 3034 ii

459 3082 585 3157 aoristi
614 3082 748 3178 quibus
776 3107 823 3156 ea
851 3108 951 3180 quae
973 3082 1177 3156 identidem
1201 3098 1373 3181 tempore
1397 3083 1600 3181 praeterito

459 3230 528 3279 usu
578 3219 762 3278 venerunt
812 3202 1046 3301 complexive
1096 3206 1474 3302 comprehenduntur,
1523 3231 1599 3302 quo

459 3328 686 3402 documento
723 3327 894 3401 homines
926 3328 989 3424 qui
1024 3353 1121 3400 nunc
1149 3328 1280 3402 vivunt
1309 3344 1533 3402 moneantur
1560 3343 1601 3402 ut

461 3449 550 3547 quid
583 3449 722 3523 faciant
755 3449 836 3523 sive
864 3475 912 3523 ne
940 3449 1028 3546 quid
1055 3449 1205 3524 faciant.
1237 3450 1265 3523 Ii
1294 3450 1420 3524 aoristi
1448 3451 1600 3548 proprio

461 3571 612 3646 nomine
640 3571 848 3668 empirici
877 3571 947 3646 dici
972 3588 1139 3669 possunt,
1163 3571 1291 3648 valent
1305 3587 1432 3647 autem
1447 3599 1600 3670 prorsus

460 3693 561 3768 idem
603 3692 716 3789 quod„
747 3693 872 3767 aoristi
914 3692 1138 3792 complexivi
1179 3696 1243 3792 (de
1284 3695 1419 3792 quibus
1459 3698 1599 3793 supra).

463 3815 511 3890 lis
532 3814 622 3889 locis
642 3814 872 3913 plerumque,
887 3817 988 3912 apud
1003 3816 1264 3914 Thucydidem
1278 3817 1602 3914 semper‚·aoristis

397 3984 399 3988 ¹
466 3983 652 3995 *1-1-

501 4079 528 4146 r)
546 4078 689 4144 Herbigius
715 4076 779 4144 (1.1.
807 4092 834 4142 p.
859 4074 1014 4140 249-261)
1038 4076 1147 4127 aoristos
1173 4075 1323 4142 gnomicum
1348 4081 1375 4126 et
1401 4075 1605 4141 comparativum

463 4165 493 4232 (i.
503 4182 525 4216 e.
541 4166 588 4215 ille
602 4166 714 4214 aoristus
728 4164 775 4230 qui
790 4164 900 4215 occurrit
917 4163 944 4212 in
959 4163 1199 4229 comparationibus
1215 4162 1310 4230 epicis)
1325 4163 1403 4213 habet
1420 4177 1468 4228 pro
1485 4163 1605 4228 reliquiis

464 4251 518 4316 ejus
545 4252 636 4318 aetatis,
661 4267 714 4316 qua
736 4250 810 4300 verbi
835 4257 954 4315 tempora
979 4249 1064 4299 adhuc
1088 4249 1206 4299 adbibita
1231 4249 1284 4299 sint
1310 4247 1533 4315 „zeitstusenlos”‚
1552 4265 1607 4314 qua

463 4339 542 4403 igitur
570 4337 781 4388 indicativus
809 4351 946 4402 quoque
974 4335 1096 4386 coristi
1124 4351 1189 4386 uon
1217 4341 1349 4401 tempus
1376 4336 1606 4402 praeteritum

464 4423 726 4488 significaverit
750 4422 809 4474 sed
833 4421 923 4471 nihil
948 4422 1016 4471 uisi
1040 4422 1211 4472 actionem
1237 4421 1481 4489 perfectivam
1507 4421 1540 4472 cf.
1568 4422 1606 4472 Μ.

464 4510 558 4559 Bitu
576 4509 627 4558 Les
645 4516 882 4560 commencements
901 4508 936 4558 du
955 4508 1042 4576 verbe,
1062 4509 1142 4560 Mem.
1158 4508 1191 4560 de
1209 4508 1236 4559 la
1254 4524 1307 4560 soc.
1327 4508 1360 4559 de
1378 4508 1461 4574 lingo.
1481 4508 1514 4558 de
1532 4508 1605 4558 Paris

465 4593 504 4645 x1
521 4593 615 4662 (1900)
631 4611 658 4662 p.
677 4593 729 4659 278
748 4611 788 4661 sq.
