3770 5662
825 551 868 626 71

185 739 189 747 ¹
274 743 426 852 ᾗ’ἐδίκει
454 741 673 827 ἐτάσσοντο
702 746 793 843 (quo
821 743 905 820 loco
933 745 1036 843 impI.
1067 744 1175 820 simul
1199 745 1315 820 habet
1336 745 1413 819 vim

274 858 511 968 iterativum).
541 868 767 944 lndicativus
796 868 934 962 amisti,
964 869 1027 967 qui
1056 865 1180 942 multis
1199 866 1290 942 locis
1314 866 1415 964 (act,

275 994 387 1081 med.‚
430 994 546 1091 pass)
583 989 731 1089 legitur,
770 991 890 1088 ipsam
927 991 1208 1066 instructionem
1243 1015 1319 1064 non
1358 989 1419 1062 de·

274 1115 405 1215 pingit,
441 1113 492 1189 nil
530 1113 597 1188 nisi
631 1114 750 1189 aciem
789 1139 872 1188 esse
900 1115 1118 1188 instructam
1146 1112 1291 1187 nuntiat
1321 1113 1414 1209 (aor.

275 1241 462 1336 constat),
499 1236 604 1312 velut
641 1238 691 1311 III
733 1257 794 1333 77,
836 1261 856 1332 3
897 1236 1018 1329 ίδίντες
1046 1235 1082 1315 δὲ
1110 1240 1139 1314 oi
1167 1235 1420 1320 Πελοποννήσιοι

274 1361 333 1449 τὴν
381 1359 535 1468 ταραχὴν
582 1368 679 1440 εἴκοσι
728 1357 788 1462 μὲν
830 1365 926 1438 ναυσὶ
973 1359 1050 1464 πρὸς
1088 1355 1163 1452 τοὺς
1205 1363 1421 1463 Κερκυραίους

276 1481 497 1579 ἐτάξαντο,
525 1491 597 1576 ταῖς
624 1481 661 1560 δέ
689 1489 816 1575 λοιπαῖς
846 1488 918 1560 κτλ.

330 1605 394 1680 Ad
420 1605 520 1680 bene
542 1603 800 1680 illustrandam
824 1603 1030 1702 imperfecti
1053 1604 1129 1680 vim
1153 1603 1418 1703 descriptivam

276 1744 314 1804 et
350 1728 476 1805 aoristi
505 1728 581 1802 vim
611 1727 862 1802 constativam
890 1727 1127 1802 conferemus
1154 1753 1290 1803 omnes
1315 1726 1420 1803 locos

278 1851 412 1949 quibus
446 1849 589 1949 imperf.
626 1865 665 1925 et
701 1876 778 1926 aor.
816 1850 1109 1947 compositorum
1137 1847 1420 1958 repatriarem

277 1990 316 2050 et
343 1970 784 2079 ἀντιπαρατάσσεσθαι
812 1987 1022 2048 occurrunt.
1048 1973 1272 2072 Impenecta
1292 1972 1420 2071 legun·

277 2112 336 2172 tur
376 2096 478 2171 hisce
514 2094 623 2172 locis:
666 2096 738 2169 VII
784 2117 819 2190 5,
869 2121 881 2169 1
928 2102 948 2172 ὁ
980 2094 1017 2173 δέ
1053 2092 1216 2189 Γύλιππος
1252 2091 1327 2199 ἅμα
1360 2094 1421 2199 μὲν

277 2223 408 2325 ἐτείχιζε
435 2263 488 2274 -
511 2214 588 2323 ἅμα
615 2217 651 2297 δὲ
678 2218 933 2324 παρέτασσεν
961 2213 1089 2322 ἐξάγων
1117 2220 1177 2296 αιέί
1205 2218 1265 2324 πρὸ
1285 2225 1342 2295 τοῦ
1361 2249 1422 2296 τει-

276 2350 440 2449 χίσματος
471 2339 545 2435 τοὺς
582 2346 799 2445 Συρακοσίους
837 2347 894 2420 καὶ
927 2338 1002 2434 τοὺς
1038 2337 1260 2445 ξυμμάχους·
1300 2346 1357 2418 καὶ
1392 2343 1422 2418 οί

277 2462 439 2556 Ἀθηναῖοι
490 2459 918 2569 άντιπαρετάσσοντο;
963 2463 1183 2561 imperfecto
1224 2464 1422 2570 παρέτασσεν

277 2586 495 2663 describitur
517 2586 713 2684 quomodo
737 2584 930 2684 copiarum
951 2584 1047 2660 aliae
1071 2601 1157 2684 post
1181 2584 1273 2662 alias
1293 2600 1420 2683 partes

278 2737 346 2810 pro
387 2709 487 2785 vallo
525 2711 803 2798 instruerentur,
841 2709 899 2783 cui
934 2709 1153 2808 imperfecto
1188 2710 1422 2809 respondens

277 2833 535 2932 imperfectum
576 2832 757 2937 α’ντιπαρετ.
801 2831 986 2928 significat
1026 2832 1290 2923 Athenienses
1328 2832 1422 2906 sicut

278 2957 448 3032 viderent
484 2955 743 3053 Syracusanos
781 2953 947 3053 singulas
975 2954 1167 3053 copiarum
1195 2970 1322 3054 partes
1350 2952 1422 3028 col·

277 3075 457 3171 locantes
501 3079 564 3153 sic·
594 3103 682 3152 suas
723 3103 877 3175 quoque
916 3078 1045 3176 copias
1087 3103 1133 3153 ex
1171 3078 1333 3152 adverso
1370 3077 1421 3149 in·

278 3202 454 3278 struxisse
482 3201 542 3298 (cf.
573 3225 660 3274 ann.
691 3199 748 3275 CI.
778 3202 827 3276 ad
854 3199 1004 3298 Iocum).

332 3325 430 3401 Fere
471 3323 571 3396 idem
613 3321 715 3397 valet
755 3321 790 3396 V
835 3343 896 3417 59,
942 3347 960 3395 2
996 3327 1040 3416 ὡς
1077 3321 1182 3428 ἕῶρων
1216 3317 1258 3401 τὰ
1296 3327 1421 3401 ἑαυτῶν

278 3442 459 3559 δῃοῦμευα,
495 3445 526 3538 ἐς
553 3442 671 3550 μάχην
706 3441 1035 3549 παρετάσσοντο,
1071 3441 1420 3551 άυτιπαρεσκευάζοντο

279 3569 316 3649 δέ
345 3572 405 3648 καί
430 3572 461 3646 οί
487 3567 760 3671 Λακεδαιμόνιοι.

334 3693 349 3766 l
373 3695 436 3786 48,
465 3715 484 3786 3
509 3696 555 3784 ὡς
579 3689 615 3768 δὲ
636 3694 786 3770 κατεῖδον
808 3689 989 3785 αλλ-ἥλους,
1014 3688 1423 3797 άυτιπαρετάσσοντο

279 3816 343 3892 i.e.
360 3815 546 3912 utrimque
557 3812 656 3887 acies
666 3813 927 3907 instruebatur,
945 3840 1043 3912 quae
1054 3815 1153 3889 acies
1162 3814 1277 3889 fusius
1287 3814 1423 3889 descri-

277 3938 376 4012 bitur
398 3937 435 4011 in
459 3935 502 4010 iis
525 3961 624 4034 quae
649 3950 874 4034 sequuntur:
900 3938 951 4015 ἐπί
967 3937 1027 4041 μὲν
1050 3939 1086 4015 τὸ
1107 3938 1213 4031 δεξιὸν
1235 3937 1333 4042 κε’ρας
1346 3943 1418 4015 κτλ.

331 4060 403 4134 VII
440 4079 502 4154 37,
536 4083 557 4154 3
590 4059 698 4157 (sicut
726 4056 811 4134 loco
838 4084 952 4158 supra
979 4059 1135 4134 laudato
1166 4059 1255 4133 VIII
1288 4085 1350 4154 94,
1385 4062 1423 4158 3)

279 4182 503 4283 imperfectis
536 4182 793 4256 describuntur
829 4181 890 4256 alii
923 4181 995 4258 aIia
1022 4180 1130 4257 simul
1158 4198 1420 4281 capessentes:

279 4309 309 4385 oi
335 4304 394 4411 μὲν
423 4347 476 4360 -
504 4313 570 4396 τοῖς
590 4313 771 4409 προσιοῦσιν
800 4303 1225 4411 άυτιπαρετάσσοντο,
1255 4309 1285 4384 οἱ
1312 4304 1348 4384 δέ
1371 4347 1424 4362 -

280 4427 582 4536 άντεπεξῇσαν,
630 4421 726 4507 άλλοι
773 4426 809 4505 δὲ
850 4437 930 4521 ναῦς
972 4429 1175 4533 ἐπλήρουν
1218 4435 1290 4507 κτλ.
1335 4426 1422 4502 Hoc

279 4547 376 4645 loco,
414 4575 536 4649 aeque
570 4574 615 4625 ac
643 4548 791 4626 duobus
817 4546 909 4625 locis
936 4576 1034 4650 quos
1059 4551 1231 4649 proxime
1258 4548 1421 4642 laudavi,
