<?xml version="1.0" encoding="UTF-8"?>
<!DOCTYPE html PUBLIC "-//W3C//DTD XHTML 1.0 Transitional//EN"
    "http://www.w3.org/TR/xhtml1/DTD/xhtml1-transitional.dtd">
<html xmlns="http://www.w3.org/1999/xhtml" xml:lang="en" lang="en">
 <head>
  <title>
</title>
<meta http-equiv="Content-Type" content="text/html;charset=utf-8" />
  <meta name='ocr-system' content='tesseract 3.04.00' />
  <meta name='ocr-capabilities' content='ocr_page ocr_carea ocr_par ocr_line ocrx_word'/>
</head>
<body>
  <div class='ocr_page' id='page_1' title='image "./deimperfectieta00hillgoog_0131.png"; bbox 0 0 3770 5662; ppageno 0'>
   <div class='ocr_carea' id='block_1_1' title="bbox 1004 605 1073 656">
    <p class='ocr_par' dir='ltr' id='par_1_1' title="bbox 1004 605 1073 656">
     <span class='ocr_line' id='line_1_1' title="bbox 1004 605 1073 656; baseline 0 0"><span class='ocrx_word' id='word_1_1' title='bbox 1004 605 1073 656; x_wconf 88' lang='lat'><strong>112</strong></span> 
     </span>
    </p>
   </div>
   <div class='ocr_carea' id='block_1_2' title="bbox 466 792 1608 1259">
    <p class='ocr_par' dir='ltr' id='par_1_2' title="bbox 466 792 1608 1259">
     <span class='ocr_line' id='line_1_2' title="bbox 468 792 1608 891; baseline 0.008 -24"><span class='ocrx_word' id='word_1_2' title='bbox 468 818 514 887; x_wconf 82' lang='lat'><strong>43</strong></span> <span class='ocrx_word' id='word_1_3' title='bbox 552 799 613 888; x_wconf 88' lang='grc'><strong>36,</strong></span> <span class='ocrx_word' id='word_1_4' title='bbox 654 817 693 888; x_wconf 82' lang='lat'><strong>23</strong></span> <span class='ocrx_word' id='word_1_5' title='bbox 732 793 785 866; x_wconf 93' lang='lat' dir='ltr'><strong>VI</strong></span> <span class='ocrx_word' id='word_1_6' title='bbox 823 814 887 887; x_wconf 90' lang='lat'><strong>47,</strong></span> <span class='ocrx_word' id='word_1_7' title='bbox 932 819 961 870; x_wconf 93' lang='lat'><strong>1.</strong></span> <span class='ocrx_word' id='word_1_8' title='bbox 1001 794 1058 891; x_wconf 93' lang='lat' dir='ltr'><strong>(In</strong></span> <span class='ocrx_word' id='word_1_9' title='bbox 1096 792 1178 869; x_wconf 89' lang='lat' dir='ltr'>loco</span> <span class='ocrx_word' id='word_1_10' title='bbox 1217 795 1267 868; x_wconf 85' lang='lat' dir='ltr'><strong>III</strong></span> <span class='ocrx_word' id='word_1_11' title='bbox 1307 802 1369 886; x_wconf 88' lang='lat'><strong>61,</strong></span> <span class='ocrx_word' id='word_1_12' title='bbox 1414 821 1433 869; x_wconf 87' lang='lat'>2</span> <span class='ocrx_word' id='word_1_13' title='bbox 1473 794 1533 875; x_wconf 78' lang='grc' dir='ltr'><strong>οὐκ</strong></span> <span class='ocrx_word' id='word_1_14' title='bbox 1565 796 1608 878; x_wconf 83' lang='grc' dir='ltr'><strong>ἂν</strong></span> 
     </span>
     <span class='ocr_line' id='line_1_3' title="bbox 466 914 1606 1019; baseline -0.002 -25"><span class='ocrx_word' id='word_1_15' title='bbox 466 914 659 1019; x_wconf 72' lang='grc' dir='ltr'><strong><em>ᾐτησάμεθα</em></strong></span> <span class='ocrx_word' id='word_1_16' title='bbox 696 915 854 990; x_wconf 88' lang='lat' dir='ltr'><strong>aoristus</strong></span> <span class='ocrx_word' id='word_1_17' title='bbox 881 916 1088 990; x_wconf 85' lang='lat' dir='ltr'><strong>secundum</strong></span> <span class='ocrx_word' id='word_1_18' title='bbox 1116 943 1223 991; x_wconf 89' lang='lat' dir='ltr'><strong>usum</strong></span> <span class='ocrx_word' id='word_1_19' title='bbox 1251 916 1449 1014; x_wconf 82' lang='lat' dir='ltr'><strong>vulgatum</strong></span> <span class='ocrx_word' id='word_1_20' title='bbox 1479 919 1540 1016; x_wconf 93' lang='lat' dir='ltr'><strong>qui</strong></span> <span class='ocrx_word' id='word_1_21' title='bbox 1570 919 1606 992; x_wconf 93' lang='lat' dir='ltr'><strong>in</strong></span> 
     </span>
     <span class='ocr_line' id='line_1_4' title="bbox 466 1035 1604 1137; baseline 0.001 -25"><span class='ocrx_word' id='word_1_22' title='bbox 466 1037 665 1112; x_wconf 85' lang='lat' dir='ltr'><strong>enuntiatis</strong></span> <span class='ocrx_word' id='word_1_23' title='bbox 707 1036 955 1136; x_wconf 86' lang='lat' dir='ltr'><strong>hypotheticis</strong></span> <span class='ocrx_word' id='word_1_24' title='bbox 995 1035 1098 1113; x_wconf 90' lang='lat' dir='ltr'><strong>valet</strong></span> <span class='ocrx_word' id='word_1_25' title='bbox 1140 1054 1339 1137; x_wconf 90' lang='lat' dir='ltr'><strong>usurpatus</strong></span> <span class='ocrx_word' id='word_1_26' title='bbox 1381 1055 1458 1114; x_wconf 90' lang='lat' dir='ltr'><strong>est:</strong></span> <span class='ocrx_word' id='word_1_27' title='bbox 1508 1065 1604 1134; x_wconf 83' lang='lat' dir='ltr'><strong>„non</strong></span> 
     </span>
     <span class='ocr_line' id='line_1_5' title="bbox 466 1159 777 1259; baseline -0.006 -24"><span class='ocrx_word' id='word_1_28' title='bbox 466 1159 777 1259; x_wconf 82' lang='lat' dir='ltr'><strong>petivissemus’&#39;.)</strong></span> 
     </span>
    </p>
   </div>
   <div class='ocr_carea' id='block_1_3' title="bbox 916 1357 1111 1368">
    <p class='ocr_par' dir='ltr' id='par_1_3' title="bbox 916 1357 1111 1368">
     <span class='ocr_line' id='line_1_6' title="bbox 916 1357 1111 1368; baseline 0.005 -2"><span class='ocrx_word' id='word_1_29' title='bbox 916 1357 1111 1368; x_wconf 51' lang='lat'><strong>*—</strong></span> 
     </span>
    </p>
   </div>
   <div class='ocr_carea' id='block_1_4' title="bbox 632 1509 1445 1614">
    <p class='ocr_par' dir='ltr' id='par_1_4' title="bbox 632 1509 1445 1614">
     <span class='ocr_line' id='line_1_7' title="bbox 632 1509 1445 1614; baseline 0.009 -31"><span class='ocrx_word' id='word_1_30' title='bbox 632 1514 656 1610; x_wconf 63' lang='grc' dir='ltr'><strong>ξ</strong></span> <span class='ocrx_word' id='word_1_31' title='bbox 688 1531 721 1608; x_wconf 85' lang='grc'><strong>7.</strong></span> <span class='ocrx_word' id='word_1_32' title='bbox 753 1511 822 1584; x_wconf 89' lang='lat' dir='ltr'><strong>De</strong></span> <span class='ocrx_word' id='word_1_33' title='bbox 850 1509 1146 1609; x_wconf 81' lang='lat' dir='ltr'><strong>imperfecto</strong></span> <span class='ocrx_word' id='word_1_34' title='bbox 1174 1514 1445 1614; x_wconf 80' lang='lat' dir='ltr'><strong>petitiv01).</strong></span> 
     </span>
    </p>
   </div>
   <div class='ocr_carea' id='block_1_5' title="bbox 361 1678 1606 4110">
    <p class='ocr_par' dir='ltr' id='par_1_5' title="bbox 464 1678 1606 2390">
     <span class='ocr_line' id='line_1_8' title="bbox 519 1678 1606 1779; baseline 0.003 -25"><span class='ocrx_word' id='word_1_35' title='bbox 519 1680 702 1779; x_wconf 86' lang='lat' dir='ltr'>Imprimis</span> <span class='ocrx_word' id='word_1_36' title='bbox 752 1678 822 1753; x_wconf 90' lang='lat' dir='ltr'><strong>huc</strong></span> <span class='ocrx_word' id='word_1_37' title='bbox 870 1679 1054 1777; x_wconf 85' lang='lat' dir='ltr'><strong>pertinent</strong></span> <span class='ocrx_word' id='word_1_38' title='bbox 1102 1683 1303 1757; x_wconf 91' lang='lat' dir='ltr'><strong>verborum</strong></span> <span class='ocrx_word' id='word_1_39' title='bbox 1345 1683 1485 1757; x_wconf 86' lang='lat' dir='ltr'><strong>eundi</strong></span> <span class='ocrx_word' id='word_1_40' title='bbox 1526 1682 1606 1758; x_wconf 88' lang='lat' dir='ltr'><strong>sive</strong></span> 
     </span>
     <span class='ocr_line' id='line_1_9' title="bbox 465 1801 1606 1904; baseline 0.001 -26"><span class='ocrx_word' id='word_1_41' title='bbox 465 1802 659 1878; x_wconf 86' lang='lat' dir='ltr'><strong>ducendi</strong></span> <span class='ocrx_word' id='word_1_42' title='bbox 709 1801 928 1900; x_wconf 84' lang='lat' dir='ltr'><strong>imperfecta</strong></span> <span class='ocrx_word' id='word_1_43' title='bbox 970 1828 1069 1899; x_wconf 89' lang='lat' dir='ltr'><strong>quae</strong></span> <span class='ocrx_word' id='word_1_44' title='bbox 1110 1805 1321 1904; x_wconf 87' lang='lat' dir='ltr'><strong>significant</strong></span> <span class='ocrx_word' id='word_1_45' title='bbox 1363 1804 1606 1880; x_wconf 85' lang='lat' dir='ltr'><strong>hostiliter</strong></span> 
     </span>
     <span class='ocr_line' id='line_1_10' title="bbox 464 1922 1605 2025; baseline 0 -26"><span class='ocrx_word' id='word_1_46' title='bbox 464 1926 543 2000; x_wconf 91' lang='lat' dir='ltr'><strong>sive</strong></span> <span class='ocrx_word' id='word_1_47' title='bbox 583 1924 756 1998; x_wconf 88' lang='lat' dir='ltr'><strong>infeste</strong></span> <span class='ocrx_word' id='word_1_48' title='bbox 794 1922 874 1997; x_wconf 89' lang='lat' dir='ltr'><strong>sive</strong></span> <span class='ocrx_word' id='word_1_49' title='bbox 916 1948 1083 2021; x_wconf 85' lang='lat' dir='ltr'><strong>magno</strong></span> <span class='ocrx_word' id='word_1_50' title='bbox 1120 1926 1297 2025; x_wconf 89' lang='lat' dir='ltr'><strong>impetu</strong></span> <span class='ocrx_word' id='word_1_51' title='bbox 1332 1943 1496 2025; x_wconf 89' lang='lat' dir='ltr'><strong>petere</strong></span> <span class='ocrx_word' id='word_1_52' title='bbox 1531 1926 1605 2001; x_wconf 91' lang='lat' dir='ltr'><strong>ali·</strong></span> 
     </span>
     <span class='ocr_line' id='line_1_11' title="bbox 464 2045 1605 2148; baseline 0.001 -26"><span class='ocrx_word' id='word_1_53' title='bbox 464 2075 596 2147; x_wconf 91' lang='lat' dir='ltr'><strong>quem</strong></span> <span class='ocrx_word' id='word_1_54' title='bbox 637 2047 717 2121; x_wconf 88' lang='lat' dir='ltr'><strong>sive</strong></span> <span class='ocrx_word' id='word_1_55' title='bbox 757 2045 946 2144; x_wconf 86' lang='lat' dir='ltr'><strong>aliquid,</strong></span> <span class='ocrx_word' id='word_1_56' title='bbox 989 2048 1069 2122; x_wconf 90' lang='lat' dir='ltr'><strong>sive</strong></span> <span class='ocrx_word' id='word_1_57' title='bbox 1111 2049 1262 2148; x_wconf 88' lang='lat' dir='ltr'><strong>proprio</strong></span> <span class='ocrx_word' id='word_1_58' title='bbox 1303 2050 1382 2124; x_wconf 90' lang='lat' dir='ltr'><strong>sive</strong></span> <span class='ocrx_word' id='word_1_59' title='bbox 1423 2048 1605 2125; x_wconf 88' lang='lat' dir='ltr'><strong>translato</strong></span> 
     </span>
     <span class='ocr_line' id='line_1_12' title="bbox 464 2168 1605 2277; baseline 0.004 -31"><span class='ocrx_word' id='word_1_60' title='bbox 464 2177 587 2259; x_wconf 88' lang='lat' dir='ltr'><strong>sensu,</strong></span> <span class='ocrx_word' id='word_1_61' title='bbox 628 2168 731 2244; x_wconf 90' lang='lat' dir='ltr'><strong>velut</strong></span> <span class='ocrx_word' id='word_1_62' title='bbox 771 2169 989 2266; x_wconf 81' lang='lat' dir='ltr'><strong>imperfecta</strong></span> <span class='ocrx_word' id='word_1_63' title='bbox 1031 2169 1231 2244; x_wconf 90' lang='lat' dir='ltr'><strong>verborum</strong></span> <span class='ocrx_word' id='word_1_64' title='bbox 1275 2174 1378 2250; x_wconf 82' lang='grc' dir='ltr'><em>ἰέναι</em></span> <span class='ocrx_word' id='word_1_65' title='bbox 1412 2188 1451 2247; x_wconf 92' lang='lat' dir='ltr'><strong>et</strong></span> <span class='ocrx_word' id='word_1_66' title='bbox 1488 2171 1605 2277; x_wconf 78' lang='grc' dir='ltr'>ἄγειν</span> 
     </span>
     <span class='ocr_line' id='line_1_13' title="bbox 464 2292 1003 2390; baseline -0.007 -20"><span class='ocrx_word' id='word_1_67' title='bbox 464 2319 669 2390; x_wconf 89' lang='lat' dir='ltr'><strong>eorumque</strong></span> <span class='ocrx_word' id='word_1_68' title='bbox 698 2292 1003 2390; x_wconf 87' lang='lat' dir='ltr'><strong>compositorum.</strong></span> 
     </span>
    </p>

    <p class='ocr_par' dir='ltr' id='par_1_6' title="bbox 361 2413 1605 4110">
     <span class='ocr_line' id='line_1_14' title="bbox 517 2413 1604 2521; baseline 0.005 -30"><span class='ocrx_word' id='word_1_69' title='bbox 517 2417 632 2491; x_wconf 86' lang='lat' dir='ltr'><strong>Verbi</strong></span> <span class='ocrx_word' id='word_1_70' title='bbox 671 2417 774 2494; x_wconf 79' lang='grc' dir='ltr'><em>ἱέναι</em></span> <span class='ocrx_word' id='word_1_71' title='bbox 812 2413 913 2512; x_wconf 87' lang='lat' dir='ltr'><strong>impf.</strong></span> <span class='ocrx_word' id='word_1_72' title='bbox 957 2415 1007 2488; x_wconf 90' lang='lat' dir='ltr'><strong>ita</strong></span> <span class='ocrx_word' id='word_1_73' title='bbox 1044 2416 1202 2490; x_wconf 88' lang='lat' dir='ltr'><strong>occurrit</strong></span> <span class='ocrx_word' id='word_1_74' title='bbox 1241 2416 1295 2489; x_wconf 92' lang='lat' dir='ltr'><strong>VI</strong></span> <span class='ocrx_word' id='word_1_75' title='bbox 1335 2441 1396 2512; x_wconf 84' lang='lat'><strong>33,</strong></span> <span class='ocrx_word' id='word_1_76' title='bbox 1435 2419 1535 2495; x_wconf 79' lang='grc' dir='ltr'><strong>ὀέπὶ</strong></span> <span class='ocrx_word' id='word_1_77' title='bbox 1562 2431 1604 2521; x_wconf 83' lang='grc' dir='ltr'><strong>τῷ</strong></span> 
     </span>
     <span class='ocr_line' id='line_1_15' title="bbox 464 2532 1605 2643; baseline -0.004 -26"><span class='ocrx_word' id='word_1_78' title='bbox 464 2539 598 2643; x_wconf 71' lang='grc' dir='ltr'>ὀνόματι</span> <span class='ocrx_word' id='word_1_79' title='bbox 626 2542 670 2629; x_wconf 82' lang='grc' dir='ltr'><strong>ὡς</strong></span> <span class='ocrx_word' id='word_1_80' title='bbox 697 2533 743 2615; x_wconf 83' lang='grc' dir='ltr'><strong>ἐπ’</strong></span> <span class='ocrx_word' id='word_1_81' title='bbox 770 2532 911 2630; x_wconf 72' lang='grc' dir='ltr'><strong><em>Ἀθήνας</em></strong></span> <span class='ocrx_word' id='word_1_82' title='bbox 938 2537 1001 2642; x_wconf 66' lang='grc' dir='ltr'><strong>ᾔει</strong></span> <span class='ocrx_word' id='word_1_83' title='bbox 1031 2537 1064 2635; x_wconf 79' lang='grc' dir='ltr'><strong>(ὁ</strong></span> <span class='ocrx_word' id='word_1_84' title='bbox 1092 2540 1223 2635; x_wconf 73' lang='grc' dir='ltr'>Μῆδος)</span> <span class='ocrx_word' id='word_1_85' title='bbox 1251 2555 1473 2639; x_wconf 80' lang='lat' dir='ltr'><strong>„propterea</strong></span> <span class='ocrx_word' id='word_1_86' title='bbox 1501 2540 1605 2637; x_wconf 91' lang='lat' dir='ltr'>quod</span> 
     </span>
     <span class='ocr_line' id='line_1_16' title="bbox 464 2659 1604 2761; baseline 0.002 -27"><span class='ocrx_word' id='word_1_87' title='bbox 464 2662 600 2736; x_wconf 87' lang='lat' dir='ltr'><strong>Persae</strong></span> <span class='ocrx_word' id='word_1_88' title='bbox 648 2659 822 2733; x_wconf 83' lang='lat' dir='ltr'><strong>Athenas</strong></span> <span class='ocrx_word' id='word_1_89' title='bbox 868 2659 1045 2758; x_wconf 87' lang='lat' dir='ltr'><strong>petivisse</strong></span> <span class='ocrx_word' id='word_1_90' title='bbox 1093 2660 1354 2756; x_wconf 82' lang='lat' dir='ltr'><strong>serebantur‘&#39;3</strong></span> <span class='ocrx_word' id='word_1_91' title='bbox 1407 2677 1604 2761; x_wconf 86' lang='lat' dir='ltr'><strong>praeterea</strong></span> 
     </span>
     <span class='ocr_line' id='line_1_17' title="bbox 463 2778 1603 2891; baseline 0.003 -35"><span class='ocrx_word' id='word_1_92' title='bbox 463 2784 565 2882; x_wconf 85' lang='lat' dir='ltr'><strong>impf.</strong></span> <span class='ocrx_word' id='word_1_93' title='bbox 590 2784 705 2858; x_wconf 90' lang='lat' dir='ltr'><strong>tribus</strong></span> <span class='ocrx_word' id='word_1_94' title='bbox 725 2781 816 2856; x_wconf 90' lang='lat' dir='ltr'><strong>locis</strong></span> <span class='ocrx_word' id='word_1_95' title='bbox 840 2783 998 2856; x_wconf 86' lang='lat' dir='ltr'><strong>occurrit</strong></span> <span class='ocrx_word' id='word_1_96' title='bbox 1021 2782 1057 2856; x_wconf 91' lang='lat' dir='ltr'><strong>in</strong></span> <span class='ocrx_word' id='word_1_97' title='bbox 1079 2781 1265 2859; x_wconf 87' lang='lat' dir='ltr'><strong>locutione</strong></span> <span class='ocrx_word' id='word_1_98' title='bbox 1286 2787 1319 2878; x_wconf 87' lang='grc' dir='ltr'><strong>ἐς</strong></span> <span class='ocrx_word' id='word_1_99' title='bbox 1339 2795 1453 2891; x_wconf 82' lang='grc' dir='ltr'><em>χεῖρας</em></span> <span class='ocrx_word' id='word_1_100' title='bbox 1478 2778 1603 2889; x_wconf 54' lang='lat' dir='ltr'><strong>ioan:</strong></span> 
     </span>
     <span class='ocr_line' id='line_1_18' title="bbox 465 2905 1604 3006; baseline 0.002 -28"><span class='ocrx_word' id='word_1_101' title='bbox 465 2906 497 2980; x_wconf 91' lang='lat' dir='ltr'><strong>II</strong></span> <span class='ocrx_word' id='word_1_102' title='bbox 537 2931 572 3000; x_wconf 86' lang='grc'><strong>3,</strong></span> <span class='ocrx_word' id='word_1_103' title='bbox 602 2931 648 3000; x_wconf 81' lang='lat'><strong>43</strong></span> <span class='ocrx_word' id='word_1_104' title='bbox 678 2906 728 2979; x_wconf 86' lang='grc' dir='ltr'><strong>ΙΙΙ</strong></span> <span class='ocrx_word' id='word_1_105' title='bbox 763 2924 847 3000; x_wconf 91' lang='lat'>107,</span> <span class='ocrx_word' id='word_1_106' title='bbox 876 2930 922 2999; x_wconf 82' lang='lat'><strong>43</strong></span> <span class='ocrx_word' id='word_1_107' title='bbox 954 2905 1006 2978; x_wconf 94' lang='lat' dir='ltr'><strong>IV</strong></span> <span class='ocrx_word' id='word_1_108' title='bbox 1037 2924 1098 3000; x_wconf 89' lang='lat'><strong>72,</strong></span> <span class='ocrx_word' id='word_1_109' title='bbox 1130 2931 1164 3002; x_wconf 83' lang='lat'><strong>3.</strong></span> <span class='ocrx_word' id='word_1_110' title='bbox 1195 2905 1398 2982; x_wconf 91' lang='lat' dir='ltr'><strong>Translate</strong></span> <span class='ocrx_word' id='word_1_111' title='bbox 1427 2906 1604 3006; x_wconf 90' lang='lat' dir='ltr'><strong>impseeto</strong></span> 
     </span>
     <span class='ocr_line' id='line_1_19' title="bbox 465 3022 1604 3135; baseline 0.004 -32"><span class='ocrx_word' id='word_1_112' title='bbox 465 3029 616 3127; x_wconf 90' lang='lat' dir='ltr'><strong>petendi</strong></span> <span class='ocrx_word' id='word_1_113' title='bbox 656 3027 759 3103; x_wconf 91' lang='lat' dir='ltr'><strong>notio</strong></span> <span class='ocrx_word' id='word_1_114' title='bbox 796 3027 892 3102; x_wconf 88' lang='lat' dir='ltr'><strong>inest</strong></span> <span class='ocrx_word' id='word_1_115' title='bbox 929 3029 944 3101; x_wconf 87' lang='grc' dir='ltr'>Ι</span> <span class='ocrx_word' id='word_1_116' title='bbox 988 3053 1019 3121; x_wconf 88' lang='lat'><strong>1,</strong></span> <span class='ocrx_word' id='word_1_117' title='bbox 1064 3053 1078 3101; x_wconf 93' lang='lat'>1</span> <span class='ocrx_word' id='word_1_118' title='bbox 1120 3029 1166 3107; x_wconf 76' lang='grc' dir='ltr'><strong>ὅτι</strong></span> <span class='ocrx_word' id='word_1_119' title='bbox 1204 3027 1411 3135; x_wconf 70' lang='grc' dir='ltr'><strong><em>ἀκμάζοντές</em></strong></span> <span class='ocrx_word' id='word_1_120' title='bbox 1438 3063 1470 3108; x_wconf 85' lang='grc' dir='ltr'><strong>τε</strong></span> <span class='ocrx_word' id='word_1_121' title='bbox 1497 3022 1604 3133; x_wconf 62' lang='grc' dir='ltr'><strong>ἦσαν</strong></span> 
     </span>
     <span class='ocr_line' id='line_1_20' title="bbox 463 3148 1604 3257; baseline -0.004 -28"><span class='ocrx_word' id='word_1_122' title='bbox 463 3155 496 3245; x_wconf 81' lang='grc' dir='ltr'><strong>ἐς</strong></span> <span class='ocrx_word' id='word_1_123' title='bbox 522 3148 620 3230; x_wconf 74' lang='grc' dir='ltr'>αὑτὸν</span> <span class='ocrx_word' id='word_1_124' title='bbox 649 3152 685 3248; x_wconf 88' lang='lat' dir='ltr'><strong>(i.</strong></span> <span class='ocrx_word' id='word_1_125' title='bbox 702 3176 735 3225; x_wconf 90' lang='lat' dir='ltr'><strong>e.</strong></span> <span class='ocrx_word' id='word_1_126' title='bbox 763 3152 818 3228; x_wconf 73' lang='grc' dir='ltr'><strong>τὸν</strong></span> <span class='ocrx_word' id='word_1_127' title='bbox 845 3150 1001 3255; x_wconf 75' lang='grc' dir='ltr'>πόλεμον)</span> <span class='ocrx_word' id='word_1_128' title='bbox 1029 3149 1200 3257; x_wconf 69' lang='grc' dir='ltr'>ἀμφότεροι</span> <span class='ocrx_word' id='word_1_129' title='bbox 1228 3158 1299 3229; x_wconf 87' lang='grc' dir='ltr'><strong>κτλ.</strong></span> <span class='ocrx_word' id='word_1_130' title='bbox 1326 3152 1363 3249; x_wconf 91' lang='lat' dir='ltr'><strong>(i.</strong></span> <span class='ocrx_word' id='word_1_131' title='bbox 1380 3177 1412 3226; x_wconf 91' lang='lat' dir='ltr'><strong>e.</strong></span> <span class='ocrx_word' id='word_1_132' title='bbox 1444 3150 1604 3246; x_wconf 86' lang='lat' dir='ltr'><strong>„bellum</strong></span> 
     </span>
     <span class='ocr_line' id='line_1_21' title="bbox 361 3268 1604 3379; baseline 0.006 -31"><span class='ocrx_word' id='word_1_133' title='bbox 361 3373 364 3378; x_wconf 21' lang='grc' dir='ltr'>Ι</span> <span class='ocrx_word' id='word_1_134' title='bbox 464 3272 787 3373; x_wconf 86' lang='lat' dir='ltr'><strong>capessiverunt”;</strong></span> <span class='ocrx_word' id='word_1_135' title='bbox 829 3271 957 3371; x_wconf 90' lang='lat' dir='ltr'><strong>procul</strong></span> <span class='ocrx_word' id='word_1_136' title='bbox 994 3273 1107 3347; x_wconf 90' lang='lat' dir='ltr'><strong>dubio</strong></span> <span class='ocrx_word' id='word_1_137' title='bbox 1144 3271 1347 3372; x_wconf 84' lang='lat' dir='ltr'><strong>legendum</strong></span> <span class='ocrx_word' id='word_1_138' title='bbox 1382 3289 1440 3348; x_wconf 92' lang='lat' dir='ltr'><strong>est</strong></span> <span class='ocrx_word' id='word_1_139' title='bbox 1476 3268 1604 3379; x_wconf 65' lang='grc' dir='ltr'><strong>ἦσαν,</strong></span> 
     </span>
     <span class='ocr_line' id='line_1_22' title="bbox 464 3390 1605 3495; baseline -0.001 -24"><span class='ocrx_word' id='word_1_140' title='bbox 464 3422 539 3472; x_wconf 91' lang='lat' dir='ltr'><strong>non</strong></span> <span class='ocrx_word' id='word_1_141' title='bbox 575 3390 684 3485; x_wconf 74' lang='grc' dir='ltr'><strong><em>ἦσάν</em></strong></span> <span class='ocrx_word' id='word_1_142' title='bbox 721 3396 824 3494; x_wconf 89' lang='lat' dir='ltr'>quod</span> <span class='ocrx_word' id='word_1_143' title='bbox 859 3396 980 3495; x_wconf 88' lang='lat' dir='ltr'><strong>major</strong></span> <span class='ocrx_word' id='word_1_144' title='bbox 1016 3421 1103 3493; x_wconf 91' lang='lat' dir='ltr'><strong>pars</strong></span> <span class='ocrx_word' id='word_1_145' title='bbox 1145 3396 1315 3470; x_wconf 89' lang='lat' dir='ltr'><strong>codicum</strong></span> <span class='ocrx_word' id='word_1_146' title='bbox 1357 3396 1520 3489; x_wconf 83' lang='lat' dir='ltr'><strong>exhibet,</strong></span> <span class='ocrx_word' id='word_1_147' title='bbox 1557 3396 1605 3470; x_wconf 89' lang='lat' dir='ltr'><strong>de</strong></span> 
     </span>
     <span class='ocr_line' id='line_1_23' title="bbox 465 3516 1602 3618; baseline -0.002 -24"><span class='ocrx_word' id='word_1_148' title='bbox 465 3546 541 3618; x_wconf 90' lang='lat' dir='ltr'><strong>qua</strong></span> <span class='ocrx_word' id='word_1_149' title='bbox 577 3545 617 3594; x_wconf 88' lang='lat' dir='ltr'><strong>re</strong></span> <span class='ocrx_word' id='word_1_150' title='bbox 654 3520 699 3594; x_wconf 84' lang='lat' dir='ltr'><strong>cf.</strong></span> <span class='ocrx_word' id='word_1_151' title='bbox 734 3518 876 3617; x_wconf 89' lang='lat' dir='ltr'><strong>Steupii</strong></span> <span class='ocrx_word' id='word_1_152' title='bbox 919 3517 1137 3615; x_wconf 80' lang='lat' dir='ltr'><strong>„Anhang”</strong></span> <span class='ocrx_word' id='word_1_153' title='bbox 1174 3519 1224 3592; x_wconf 91' lang='lat' dir='ltr'><strong>ad</strong></span> <span class='ocrx_word' id='word_1_154' title='bbox 1261 3516 1400 3615; x_wconf 86' lang='lat' dir='ltr'>locum)</span> <span class='ocrx_word' id='word_1_155' title='bbox 1437 3533 1476 3593; x_wconf 92' lang='lat' dir='ltr'><strong>et</strong></span> <span class='ocrx_word' id='word_1_156' title='bbox 1513 3518 1602 3592; x_wconf 85' lang='lat' dir='ltr'>an</span> 
     </span>
     <span class='ocr_line' id='line_1_24' title="bbox 465 3635 1603 3746; baseline 0 -31"><span class='ocrx_word' id='word_1_157' title='bbox 465 3666 527 3734; x_wconf 82' lang='lat'><strong>92,</strong></span> <span class='ocrx_word' id='word_1_158' title='bbox 547 3667 566 3715; x_wconf 86' lang='lat'>2</span> <span class='ocrx_word' id='word_1_159' title='bbox 593 3635 615 3746; x_wconf 71' lang='grc' dir='ltr'><em>ἦ</em></span> <span class='ocrx_word' id='word_1_160' title='bbox 621 3672 698 3721; x_wconf 81' lang='grc' dir='ltr'><strong>σαν</strong></span> <span class='ocrx_word' id='word_1_161' title='bbox 722 3643 770 3720; x_wconf 82' lang='grc' dir='ltr'><strong>ἐπὶ</strong></span> <span class='ocrx_word' id='word_1_162' title='bbox 793 3638 834 3720; x_wconf 78' lang='grc' dir='ltr'><strong>τὰ</strong></span> <span class='ocrx_word' id='word_1_163' title='bbox 849 3639 1034 3746; x_wconf 70' lang='grc' dir='ltr'><strong><em>πράγματα</em></strong></span> <span class='ocrx_word' id='word_1_164' title='bbox 1055 3667 1135 3734; x_wconf 86' lang='lat' dir='ltr'><strong>„res</strong></span> <span class='ocrx_word' id='word_1_165' title='bbox 1149 3638 1316 3737; x_wconf 88' lang='lat' dir='ltr'><strong>publicas</strong></span> <span class='ocrx_word' id='word_1_166' title='bbox 1332 3640 1603 3738; x_wconf 83' lang='lat' dir='ltr'><strong>appetebant’&#39;,</strong></span> 
     </span>
     <span class='ocr_line' id='line_1_25' title="bbox 464 3762 1604 3862; baseline -0.002 -23"><span class='ocrx_word' id='word_1_167' title='bbox 464 3789 549 3839; x_wconf 91' lang='lat' dir='ltr'><strong>cum</strong></span> <span class='ocrx_word' id='word_1_168' title='bbox 584 3790 660 3862; x_wconf 93' lang='lat' dir='ltr'><strong>quo</strong></span> <span class='ocrx_word' id='word_1_169' title='bbox 697 3762 779 3839; x_wconf 90' lang='lat' dir='ltr'>loco</span> <span class='ocrx_word' id='word_1_170' title='bbox 809 3763 1075 3839; x_wconf 85' lang='lat' dir='ltr'><strong>conferendum</strong></span> <span class='ocrx_word' id='word_1_171' title='bbox 1104 3778 1161 3838; x_wconf 90' lang='lat' dir='ltr'><strong>est</strong></span> <span class='ocrx_word' id='word_1_172' title='bbox 1190 3762 1227 3835; x_wconf 90' lang='lat' dir='ltr'><strong>id</strong></span> <span class='ocrx_word' id='word_1_173' title='bbox 1256 3763 1359 3862; x_wconf 91' lang='lat' dir='ltr'>quod</span> <span class='ocrx_word' id='word_1_174' title='bbox 1387 3762 1524 3860; x_wconf 86' lang='lat' dir='ltr'><strong>legitur</strong></span> <span class='ocrx_word' id='word_1_175' title='bbox 1552 3762 1604 3837; x_wconf 93' lang='lat' dir='ltr'><strong>Vl</strong></span> 
     </span>
     <span class='ocr_line' id='line_1_26' title="bbox 466 3863 1603 3994; baseline 0 -33"><span class='ocrx_word' id='word_1_176' title='bbox 466 3910 528 3984; x_wconf 86' lang='lat'><strong>57,</strong></span> <span class='ocrx_word' id='word_1_177' title='bbox 563 3913 576 3961; x_wconf 94' lang='lat'>1</span> <span class='ocrx_word' id='word_1_178' title='bbox 609 3891 641 3980; x_wconf 86' lang='grc' dir='ltr'><strong>ἐς</strong></span> <span class='ocrx_word' id='word_1_179' title='bbox 666 3888 703 3965; x_wconf 80' lang='grc' dir='ltr'><strong>τὸ</strong></span> <span class='ocrx_word' id='word_1_180' title='bbox 730 3885 821 3994; x_wconf 75' lang='grc' dir='ltr'><em>ἔργον</em></span> <span class='ocrx_word' id='word_1_181' title='bbox 848 3902 1036 3994; x_wconf 75' lang='grc' dir='ltr'>προῇσαν</span> <span class='ocrx_word' id='word_1_182' title='bbox 1071 3887 1129 3981; x_wconf 85' lang='lat' dir='ltr'><strong>„id</strong></span> <span class='ocrx_word' id='word_1_183' title='bbox 1156 3899 1316 3985; x_wconf 85' lang='lat' dir='ltr'><strong>egerunt</strong></span> <span class='ocrx_word' id='word_1_184' title='bbox 1344 3902 1385 3960; x_wconf 89' lang='lat' dir='ltr'><strong>ut</strong></span> <span class='ocrx_word' id='word_1_185' title='bbox 1408 3863 1603 3961; x_wconf 71' lang='lat' dir='ltr'><strong>consiliunt</strong></span> 
     </span>
     <span class='ocr_line' id='line_1_27' title="bbox 464 4011 726 4110; baseline 0.004 -25"><span class='ocrx_word' id='word_1_186' title='bbox 464 4011 726 4110; x_wconf 86' lang='lat' dir='ltr'><strong>peragerent”.</strong></span> 
     </span>
    </p>
   </div>
   <div class='ocr_carea' id='block_1_6' title="bbox 461 4267 1605 4684">
    <p class='ocr_par' dir='ltr' id='par_1_7' title="bbox 461 4267 1605 4684">
     <span class='ocr_line' id='line_1_28' title="bbox 503 4267 1603 4340; baseline 0 -18"><span class='ocrx_word' id='word_1_187' title='bbox 503 4273 529 4340; x_wconf 90' lang='lat'><strong>1)</strong></span> <span class='ocrx_word' id='word_1_188' title='bbox 544 4273 585 4327; x_wconf 86' lang='lat' dir='ltr'><strong>Ct&#39;.</strong></span> <span class='ocrx_word' id='word_1_189' title='bbox 602 4289 680 4338; x_wconf 82' lang='lat' dir='ltr'><strong>supra</strong></span> <span class='ocrx_word' id='word_1_190' title='bbox 696 4288 722 4337; x_wconf 88' lang='lat' dir='ltr'><strong>p.</strong></span> <span class='ocrx_word' id='word_1_191' title='bbox 738 4267 776 4336; x_wconf 78' lang='lat'><strong>29¹</strong></span> <span class='ocrx_word' id='word_1_192' title='bbox 788 4288 828 4338; x_wconf 92' lang='lat' dir='ltr'><strong>sq.</strong></span> <span class='ocrx_word' id='word_1_193' title='bbox 838 4270 994 4337; x_wconf 81' lang='lat' dir='ltr'><strong>Imperfecta</strong></span> <span class='ocrx_word' id='word_1_194' title='bbox 1003 4287 1092 4321; x_wconf 88' lang='lat' dir='ltr'><strong>eorum</strong></span> <span class='ocrx_word' id='word_1_195' title='bbox 1101 4273 1240 4322; x_wconf 76' lang='lat' dir='ltr'><strong>verbonim</strong></span> <span class='ocrx_word' id='word_1_196' title='bbox 1250 4286 1317 4337; x_wconf 80' lang='lat' dir='ltr'><strong>quae</strong></span> <span class='ocrx_word' id='word_1_197' title='bbox 1326 4277 1425 4322; x_wconf 87' lang='lat' dir='ltr'><strong>motum</strong></span> <span class='ocrx_word' id='word_1_198' title='bbox 1434 4269 1551 4322; x_wconf 77' lang='lat' dir='ltr'><strong>indicant</strong></span> <span class='ocrx_word' id='word_1_199' title='bbox 1560 4270 1603 4322; x_wconf 87' lang='lat' dir='ltr'><strong>hic</strong></span> 
     </span>
     <span class='ocr_line' id='line_1_29' title="bbox 461 4358 1603 4425; baseline -0.003 -15"><span class='ocrx_word' id='word_1_200' title='bbox 461 4365 568 4410; x_wconf 80' lang='lat' dir='ltr'><strong>eatenus</strong></span> <span class='ocrx_word' id='word_1_201' title='bbox 586 4365 688 4408; x_wconf 83' lang='lat' dir='ltr'><strong>tantum</strong></span> <span class='ocrx_word' id='word_1_202' title='bbox 706 4364 814 4410; x_wconf 83' lang='lat' dir='ltr'><strong>tractata</strong></span> <span class='ocrx_word' id='word_1_203' title='bbox 829 4364 898 4425; x_wconf 73' lang='lat' dir='ltr'><strong>sunt,</strong></span> <span class='ocrx_word' id='word_1_204' title='bbox 918 4364 1046 4425; x_wconf 82' lang='lat' dir='ltr'><strong>quatenus</strong></span> <span class='ocrx_word' id='word_1_205' title='bbox 1065 4358 1098 4407; x_wconf 86' lang='lat' dir='ltr'><strong>ad</strong></span> <span class='ocrx_word' id='word_1_206' title='bbox 1113 4374 1196 4424; x_wconf 82' lang='lat' dir='ltr'><strong>genus</strong></span> <span class='ocrx_word' id='word_1_207' title='bbox 1213 4358 1352 4424; x_wconf 85' lang='lat' dir='ltr'><strong>petitivum</strong></span> <span class='ocrx_word' id='word_1_208' title='bbox 1367 4358 1498 4424; x_wconf 84' lang='lat' dir='ltr'><strong>pertinere</strong></span> <span class='ocrx_word' id='word_1_209' title='bbox 1513 4358 1603 4408; x_wconf 81' lang='lat' dir='ltr'><strong>viden-</strong></span> 
     </span>
     <span class='ocr_line' id='line_1_30' title="bbox 464 4444 1604 4511; baseline -0.002 -15"><span class='ocrx_word' id='word_1_210' title='bbox 464 4453 514 4496; x_wconf 83' lang='lat' dir='ltr'><strong>tur.</strong></span> <span class='ocrx_word' id='word_1_211' title='bbox 542 4446 661 4509; x_wconf 84' lang='lat' dir='ltr'><strong>Quorum</strong></span> <span class='ocrx_word' id='word_1_212' title='bbox 687 4446 825 4495; x_wconf 82' lang='lat' dir='ltr'><strong>verborum</strong></span> <span class='ocrx_word' id='word_1_213' title='bbox 852 4460 920 4511; x_wconf 84' lang='lat' dir='ltr'><strong>qnae</strong></span> <span class='ocrx_word' id='word_1_214' title='bbox 947 4445 1100 4510; x_wconf 77' lang='lat' dir='ltr'><strong>imperfecta</strong></span> <span class='ocrx_word' id='word_1_215' title='bbox 1127 4445 1187 4496; x_wconf 85' lang='lat' dir='ltr'><strong>aliis</strong></span> <span class='ocrx_word' id='word_1_216' title='bbox 1214 4445 1369 4495; x_wconf 84' lang='lat' dir='ltr'><strong>notionibus</strong></span> <span class='ocrx_word' id='word_1_217' title='bbox 1398 4450 1458 4494; x_wconf 90' lang='lat' dir='ltr'><strong>sunt</strong></span> <span class='ocrx_word' id='word_1_218' title='bbox 1485 4444 1604 4510; x_wconf 80' lang='lat' dir='ltr'><strong>praedita</strong></span> 
     </span>
     <span class='ocr_line' id='line_1_31' title="bbox 463 4518 1605 4600; baseline -0.002 -17"><span class='ocrx_word' id='word_1_219' title='bbox 463 4530 547 4600; x_wconf 85' lang='lat' dir='ltr'><strong>(velut</strong></span> <span class='ocrx_word' id='word_1_220' title='bbox 571 4533 664 4598; x_wconf 77' lang='lat' dir='ltr'><strong>iterat,</strong></span> <span class='ocrx_word' id='word_1_221' title='bbox 689 4531 821 4599; x_wconf 72' lang='lat' dir='ltr'><strong>descript,</strong></span> <span class='ocrx_word' id='word_1_222' title='bbox 846 4528 974 4598; x_wconf 82' lang='lat' dir='ltr'><strong>incohat.)</strong></span> <span class='ocrx_word' id='word_1_223' title='bbox 994 4531 1090 4597; x_wconf 80' lang='lat' dir='ltr'><strong>partim</strong></span> <span class='ocrx_word' id='word_1_224' title='bbox 1109 4533 1162 4582; x_wconf 89' lang='lat' dir='ltr'><strong>suis</strong></span> <span class='ocrx_word' id='word_1_225' title='bbox 1180 4531 1246 4582; x_wconf 85' lang='lat' dir='ltr'><strong>locis</strong></span> <span class='ocrx_word' id='word_1_226' title='bbox 1264 4527 1304 4598; x_wconf 70' lang='grc'><strong>(55</strong></span> <span class='ocrx_word' id='word_1_227' title='bbox 1323 4544 1348 4599; x_wconf 80' lang='lat' dir='ltr'><strong>a,</strong></span> <span class='ocrx_word' id='word_1_228' title='bbox 1368 4543 1393 4598; x_wconf 85' lang='grc'><strong>3,</strong></span> <span class='ocrx_word' id='word_1_229' title='bbox 1411 4545 1429 4595; x_wconf 84' lang='grc'>4</span> <span class='ocrx_word' id='word_1_230' title='bbox 1447 4521 1524 4598; x_wconf 71' lang='lat' dir='ltr'><strong>ilibt)</strong></span> <span class='ocrx_word' id='word_1_231' title='bbox 1544 4518 1605 4582; x_wconf 70' lang='lat' dir='ltr'><strong>sun&#39;t</strong></span> 
     </span>
     <span class='ocr_line' id='line_1_32' title="bbox 463 4615 1601 4684; baseline 0 -14"><span class='ocrx_word' id='word_1_232' title='bbox 463 4618 575 4670; x_wconf 75' lang='lat' dir='ltr'><strong>laudata.</strong></span> <span class='ocrx_word' id='word_1_233' title='bbox 601 4619 643 4669; x_wconf 89' lang='lat' dir='ltr'><strong>De</strong></span> <span class='ocrx_word' id='word_1_234' title='bbox 661 4617 746 4669; x_wconf 82' lang='lat' dir='ltr'><strong>verbis</strong></span> <span class='ocrx_word' id='word_1_235' title='bbox 764 4633 832 4684; x_wconf 86' lang='lat' dir='ltr'><strong>quae</strong></span> <span class='ocrx_word' id='word_1_236' title='bbox 850 4623 949 4668; x_wconf 85' lang='lat' dir='ltr'><strong>motum</strong></span> <span class='ocrx_word' id='word_1_237' title='bbox 968 4618 1116 4684; x_wconf 82' lang='lat' dir='ltr'><strong>significant</strong></span> <span class='ocrx_word' id='word_1_238' title='bbox 1134 4619 1162 4668; x_wconf 87' lang='lat' dir='ltr'><strong>in</strong></span> <span class='ocrx_word' id='word_1_239' title='bbox 1180 4619 1330 4669; x_wconf 81' lang='lat' dir='ltr'><strong>universum</strong></span> <span class='ocrx_word' id='word_1_240' title='bbox 1348 4633 1422 4684; x_wconf 78' lang='lat' dir='ltr'><strong>agam</strong></span> <span class='ocrx_word' id='word_1_241' title='bbox 1440 4616 1508 4669; x_wconf 80' lang='lat' dir='ltr'><strong>infra</strong></span> <span class='ocrx_word' id='word_1_242' title='bbox 1526 4615 1540 4684; x_wconf 71' lang='grc'>5</span> <span class='ocrx_word' id='word_1_243' title='bbox 1559 4629 1601 4682; x_wconf 79' lang='lat'><strong>24.</strong></span> 
     </span>
    </p>
   </div>
   <div class='ocr_carea' id='block_1_7' title="bbox 0 0 1890 5662">
    <p class='ocr_par' dir='ltr' id='par_1_8' title="bbox 0 0 1890 5662">
     <span class='ocr_line' id='line_1_33' title="bbox 0 0 1890 5662; baseline 0 1"><span class='ocrx_word' id='word_1_244' title='bbox 0 0 1890 5662; x_wconf 95' lang='lat' dir='ltr'><strong> </strong></span> 
     </span>
    </p>
   </div>
  </div>
 </body>
</html>
