3726 5656
327 1620 460 1694 Studiis
499 1619 704 1691 academicis
730 1619 851 1715 stmm
892 1621 1126 1748 imppsiturus
1163 1620 1439 1717 Professari'bus

246 1759 393 1833 Setalae
441 1757 794 1846 Anisteladameusis,
855 1758 956 1831 Viris
1006 1759 1241 1848 Clarissima,
1284 1784 1442 1856 quarum

245 1895 442 1968 lictiauibus
477 1903 551 1968 tam
579 1895 733 1991 publicis
767 1921 877 1992 quam
906 1897 1070 1992 priuatis
1089 1907 1165 1993 per
1190 1905 1239 1969 tat
1263 1923 1376 1970 annas
1404 1905 1445 1969 nt

246 2033 449 2106 interessem
473 2033 568 2105 milei
583 2033 733 2131 contigat,
755 2033 812 2106 liii
821 2034 964 2129 publiea
970 2035 1122 2132 gratias
1135 2060 1245 2130 qnam
1259 2035 1443 2107 maximas

247 2196 314 2269 aga
351 2178 426 2243 tam
454 2180 530 2266 pra
564 2170 759 2243 eruditum
794 2196 866 2266 qua
902 2197 957 2244 me
990 2171 1194 2244 imbuerunt
1224 2197 1335 2268 quam
1366 2181 1442 2267 pra

246 2307 414 2406 bemfieiis
449 2307 635 2380 identidem
671 2307 710 2378 in
746 2333 800 2379 me
826 2307 967 2380 cellatis.
998 2308 1064 2380 Eu
1089 2333 1246 2404 quarum
1273 2309 1440 2380 virerum

234 2443 372 2518 'ardine
389 2446 473 2541 jam
496 2453 606 2516 marte
628 2445 790 2540 abreptas
803 2445 878 2540 pia
898 2445 1071 2518 memoria
1091 2447 1202 2518 recola
1222 2445 1441 2528 CORNELIUM

247 2581 418 2653 BELLAAR
432 2581 586 2670 SPRUYT,
602 2581 786 2655 MARnsUM
800 2582 1028 2656 ANTHONIUM
1041 2605 1115 2655 vAN
1128 2583 1278 2675 Massi
1293 2609 1317 2654 a
1340 2583 1442 2655 Vatis

245 2726 371 2807 autem,
404 2718 616 2791 Clarissimi
638 2719 830 2808 VALETON,
859 2718 1046 2809 KARSTEN,
1075 2718 1150 2809 Ssx,
1176 2720 1261 2792 VAN
1281 2742 1355 2792 DEN
1376 2719 1438 2808 Es,

236 2863 319 2950 peta
358 2863 399 2926 ut
431 2880 509 2927 eam
545 2856 810 2928 bemualeutiam
843 2882 955 2952 qnam
982 2866 1058 2952 per
1093 2865 1203 2929 tatum
1237 2857 1441 2930 studiorum

243 3001 379 3089 tempus
411 3018 500 3091 erga
536 3019 591 3066 me
619 2993 849 3089 praestitistis
882 2994 921 3066 iu
940 3001 1128 3089 pasterum
1156 3019 1292 3090 quaque
1319 2995 1358 3066 iu
1386 3020 1440 3067 me

242 3131 407 3228 conferre
441 3130 562 3204 ueli'tis.
607 3131 689 3203 Tibi
716 3155 862 3227 quoqne,
896 3130 1108 3204 Clarissimi
1138 3133 1198 3204 DE
1226 3131 1339 3220 Bois,
1364 3142 1440 3228 pra

242 3269 398 3342 comitate
437 3295 548 3366 quam
589 3278 706 3364 nuper
745 3269 841 3341 milei
876 3269 1061 3342 ostendisti
1086 3278 1243 3368 gratum
1279 3269 1441 3368 testfiear

243 3407 419 3479 animum.

328 3546 384 3617 Tu
405 3543 597 3640 imprimis,
627 3543 838 3616 Clarissiuu
861 3543 1016 3632 KUIPER,
1041 3544 1332 3616 aestumatissime
1349 3554 1438 3640 pra·

241 3691 368 3773 mater,
396 3682 562 3755 laudibus
581 3681 818 3779 gratibusque
845 3680 938 3752 milii
954 3681 1178 3754 nemrandus
1200 3707 1247 3770 es,
1267 3681 1438 3777 primum

233 3829 388 3919 prepter
406 3818 758 3917 praestantissimam
787 3818 1036 3891 institutionem
1069 3819 1107 3890 T
1100 3844 1197 3907 uam,
1223 3844 1296 3915 qua
1320 3819 1381 3891 eui
1399 3826 1442 3890 ut

231 3959 431 4056 frueretur
452 3956 572 4054 obugru
592 3957 624 4028 is
648 3980 719 4028 nau
734 3963 850 4052 potest
864 3981 935 4028 nau
953 3981 1080 4028 amare
1096 3956 1235 4029 litteras
1267 3954 1438 4046 Graecas,

241 4095 365 4168 deiude
384 4102 584 4191 prepterea
611 4092 712 4190 quad
740 4093 788 4165 Te
807 4092 1037 4188 potissimum
1064 4092 1293 4165 adliertatere
1318 4092 1439 4165 studia

232 4233 461 4332 plii'lalagiea,
499 4218 626 4329 quidus
663 4255 735 4304 uon
770 4230 847 4303 uisi
879 4231 1069 4303 accessoria
1108 4240 1256 4326 operam
1284 4229 1439 4302 daturus

239 4398 353 4462 eram,
394 4370 449 4443 ad
470 4370 590 4469 finem
619 4369 796 4466 perduxi,
834 4377 909 4441 tum
943 4369 1048 4441 etiam
1084 4367 1182 4465 quad
1213 4393 1268 4440 me
1303 4367 1342 4439 in
1377 4366 1440 4439 noe

236 4508 345 4582 li'bello
385 4505 590 4603 conficiendi
632 4513 839 4602 occupatum
880 4506 1033 4604 egregiis
1073 4505 1226 4579 consitiis
1263 4504 1439 4603 adunare
