3770 5662
1004 548 1053 638 76

456 758 728 832 terea'aoristo
756 757 963 832 istiusmodi
992 755 1082 832 locis
1110 757 1262 832 omnino
1290 756 1395 833 locus
1424 785 1499 833 non
1528 776 1598 853 est,

459 881 546 980 quia
584 880 724 954 aoristo
760 875 938 970 ἐτελεύτησε
975 881 1096 978 ipsum
1134 880 1328 955 desinendi
1365 898 1598 957 momentum

458 1004 687 1103 designatur,
726 1001 829 1076 velut
863 1003 897 1075 II
936 1027 998 1097 41,
1035 1025 1077 1097 5³
1115 1003 1169 1076 IV
1209 1026 1270 1098 50,
1302 1028 1346 1098 33
1375 1005 1410 1076 V
1445 1029 1503 1096 ιο,
1539 1030 1597 1096 ιι,

460 1126 593 1225 quibus
616 1125 706 1200 locis
736 1151 813 1200 aor.
843 1124 1027 1223 significat
1060 1141 1251 1215 „mortuus
1276 1127 1328 1224 (i)
1357 1142 1415 1200 est
1443 1128 1597 1226 (sunt)’'.

459 1250 645 1347 Equidem
673 1263 765 1346 puto
793 1247 1050 1346 imperfectum
1075 1245 1220 1327 ἐτελεύτα
1243 1249 1466 1323 vertendum
1495 1276 1597 1326 esse:

466 1373 575 1466 „dum
591 1372 685 1445 haec
704 1387 895 1468 geruntur,
920 1396 1039 1445 annus
1062 1372 1164 1468 (anni
1183 1374 1345 1469 tempus)
1370 1373 1429 1445 ad
1456 1373 1599 1447 finem

459 1494 743 1594 vergebat'’.
772 1494 859 1568 Non
884 1495 1004 1590 ipsum
1029 1494 1221 1568 desinendi
1250 1510 1482 1571 momentum
1508 1497 1600 1570 indi-

460 1634 576 1704 catur,
610 1617 677 1690 sed
714 1616 932 1690 describitur
969 1616 1162 1714 quomodo
1197 1617 1385 1691 intereas
1413 1644 1473 1692 res
1501 1645 1600 1716 quae

461 1741 575 1813 modo
612 1755 699 1813 sunt
733 1754 908 1814 narratae
945 1755 983 1813 et
1005 1765 1072 1812 eas
1099 1764 1158 1812 res
1187 1764 1287 1835 quae
1315 1741 1491 1814 continuo
1519 1766 1600 1815 nar·

459 1863 639 1936 rabuntur
659 1887 778 1935 annus
799 1861 848 1935 ad
870 1861 983 1935 finem
1005 1859 1221 1958 prolapsum
1242 1862 1299 1935 sit.
1322 1861 1469 1936 Eodem
1485 1863 1600 1938 modo

459 1984 716 2081 imperfectum
741 1983 938 2058 adhibetur
961 1984 1064 2081 apud
1087 1983 1384 2082 Xenophontem
1411 1985 1510 2060 Hell.
1532 1988 1598 2079 11,

464 2127 509 2202 37
540 2109 596 2186 καὶ
626 2115 645 2184 o‘
672 2108 815 2199 ἐνιαυτὸς
838 2102 986 2210 ἔληγεν
1023 2111 1094 2183 κτλ.
1129 2106 1278 2180 Eodem
1305 2107 1469 2204 pertinet
1498 2108 1600 2206 quod

460 2229 546 2303 anni
584 2230 764 2326 temporis
800 2228 941 2302 initium
978 2228 1198 2325 imperfecto
1239 2229 1458 2326 designatur
1497 2231 1600 2329 apud

461 2368 629 2426 nostrum
666 2352 718 2424 ΙΙΙ
760 2356 818 2439 18,
858 2373 877 2445 5
917 2357 974 2429 καὶ
1003 2358 1021 2427 ὁ
1048 2348 1171 2456 χειμὼν
1195 2350 1346 2456 ’ύρχετο
1368 2358 1534 2458 γίγνεσθαι
1562 2370 1601 2428 et

460 2475 495 2546 V
535 2499 595 2566 24,
638 2498 656 2547 2
695 2474 731 2550 τὸ
768 2474 858 2578 θέρος
894 2465 1014 2578 ἦρχε,
1048 2499 1132 2547 cum
1170 2473 1305 2572 quibus
1345 2473 1436 2549 locis
1477 2502 1601 2551 mrsus

461 2595 620 2670 conferri
645 2610 771 2693 potest
794 2595 892 2668 Xen.
925 2593 1024 2669 Hell.
1057 2597 1071 2668 I
1105 2621 1138 2688 2,
1174 2622 1220 2691 14
1249 2603 1307 2675 καὶ
1335 2594 1459 2702 χειμὼν
1487 2602 1600 2706 ἐπῄει

461 2725 534 2797 κτλ.
569 2717 628 2791 Eo
665 2717 705 2790 fit
740 2733 792 2809 ut,
824 2744 909 2791 cum
938 2718 974 2791 in
1003 2717 1187 2817 ejusmodi
1214 2717 1462 2793 locutionibus
1489 2722 1600 2818 parti-

460 2842 596 2941 cipium
624 2841 830 2938 requiritur,
859 2866 1009 2939 semper
1037 2843 1318 2938 praesentis
1353 2842 1599 2941 participium,

461 2990 537 3038 non
566 2963 704 3055 amisti,
733 2964 780 3037 sit
807 2964 844 3036 in
873 2990 953 3038 usu.
985 2964 1073 3037 Huc
1100 2965 1287 3061 pertinent
1315 2965 1352 3038 hi
1380 2963 1469 3039 loci:

513 3093 786 3180 τελευτῶντος
813 3095 883 3164 τοῦ
910 3087 1061 3191 μηνύςε
1092 3088 1123 3161 ΙΙ
1152 3113 1189 3181 4,
1218 3113 1250 3164 2.

515 3208 558 3288 ἒν
586 3224 637 3318 τῷ
665 3205 772 3317 αύτῷ
800 3205 904 3314 θέρει
931 3216 1198 3289 τελευτῶντα
1228 3209 1297 3284 VII
1327 3236 1363 3303 9,
1399 3237 1429 3285 1.

513 3342 583 3412 τοῦ
611 3325 712 3436 ύρος
740 3330 997 3436 ἀρχομένους
1027 3332 1097 3405 VII
1133 3358 1191 3426 19,
1227 3358 1265 3426 13
1298 3357 1359 3425 2ο,
1395 3358 1425 3408 1.

513 3455 755 3559 τοῦθέρους
783 3453 1041 3559 οἷρχομένουε
1072 3455 1105 3528 ΙΙ
1136 3476 1199 3549 47,
1232 3481 1273 3548 2,
1302 3456 1338 3529 V
1369 3478 1429 3550 52.

514 3586 584 3654 τοῦ
617 3592 826 3682 χειμῶνος
862 3575 1120 3682 οἷρχομένουε
1152 3578 1276 3672 1193,
1313 3603 1349 3671 ι,
1380 3601 1442 3673 95,
1479 3604 1517 3673 13
1548 3579 1601 3651 IV

463 3705 524 3794 89,
560 3725 596 3794 13
626 3699 661 3771 V
699 3705 759 3795 76,
795 3724 825 3774 1.

515 3821 757 3926 ἀρχομένου
780 3829 851 3899 τοῦ
873 3821 1074 3925 ιτολέμουε
1092 3823 1143 3895 111
1162 3841 1219 3916 17,
1242 3847 1278 3915 13
1297 3826 1358 3911 86,
1378 3847 1416 3917 23
1433 3822 1468 3894 V
1486 3829 1547 3916 26,
1564 3848 1599 3918 4.

516 3945 646 4018 Liceat
673 3945 761 4018 mihi
790 3945 986 4019 occasione
1014 3945 1104 4019 data
1131 3945 1295 4020 breviter
1322 3961 1484 4021 tractare
1507 3948 1602 4022 duos

460 4066 565 4142 locos
601 4092 677 4141 non
712 4068 863 4164 quidem
898 4093 946 4140 ex
982 4068 1096 4165 ipsius
1130 4068 1360 4166 Thucydidis
1387 4069 1511 4143 verbis
1540 4070 1601 4144 de·

461 4206 670 4288 promptos,
716 4191 779 4288 qui
823 4204 950 4263 tamen
986 4190 1088 4288 apud
1125 4206 1293 4265 nostrum
1330 4191 1367 4263 in
1403 4206 1601 4289 pactorum

462 4310 626 4387 formulis
653 4313 899 4387 inveniuntur.
931 4313 973 4385 In
1002 4311 1086 4387 loco
1114 4314 1166 4386 IV
1196 4340 1279 4408 119,
1314 4340 1328 4388 1
1360 4323 1465 4393 ταῦτα
1493 4323 1513 4410 ξ
1520 4312 1601 4394 υνέ·

462 4441 576 4513 θεντο
606 4437 662 4512 καί
690 4432 858 4537 ὤμοσαν
886 4435 1144 4540 Λακεδαιμόνιοι
1173 4438 1229 4515 καὶ
1259 4440 1288 4514 οἱ
1311 4432 1487 4542 ξύμμαχοι
1511 4434 1602 4529 Ἀθη·

462 4562 564 4650 ναίοις
593 4563 649 4635 καὶ
678 4566 745 4649 τοῖςι
770 4554 963 4662 ξυμμάχοις
987 4564 1060 4635 κτλ.
1092 4556 1237 4632 aoristis
1270 4559 1485 4633 constativis
1512 4557 1601 4634 illud
