<?xml version="1.0" encoding="UTF-8"?>
<!DOCTYPE html PUBLIC "-//W3C//DTD XHTML 1.0 Transitional//EN"
    "http://www.w3.org/TR/xhtml1/DTD/xhtml1-transitional.dtd">
<html xmlns="http://www.w3.org/1999/xhtml" xml:lang="en" lang="en">
 <head>
  <title>
</title>
<meta http-equiv="Content-Type" content="text/html;charset=utf-8" />
  <meta name='ocr-system' content='tesseract 3.04.00' />
  <meta name='ocr-capabilities' content='ocr_page ocr_carea ocr_par ocr_line ocrx_word'/>
</head>
<body>
  <div class='ocr_page' id='page_1' title='image "./deimperfectieta00hillgoog_0063.png"; bbox 0 0 3726 5656; ppageno 0'>
   <div class='ocr_carea' id='block_1_1' title="bbox 977 579 1028 649">
    <p class='ocr_par' dir='ltr' id='par_1_1' title="bbox 977 579 1028 649">
     <span class='ocr_line' id='line_1_1' title="bbox 977 579 1028 649; baseline -0.02 0"><span class='ocrx_word' id='word_1_1' title='bbox 977 579 1028 649; x_wconf 89' lang='lat'><strong>44</strong></span> 
     </span>
    </p>
   </div>
   <div class='ocr_carea' id='block_1_2' title="bbox 384 769 1663 4431">
    <p class='ocr_par' dir='ltr' id='par_1_2' title="bbox 431 769 1663 1114">
     <span class='ocr_line' id='line_1_2' title="bbox 485 769 1663 868; baseline 0.003 -26"><span class='ocrx_word' id='word_1_2' title='bbox 485 769 601 846; x_wconf 89' lang='lat' dir='ltr'>Verbi</span> <span class='ocrx_word' id='word_1_3' title='bbox 648 771 910 849; x_wconf 82' lang='grc' dir='ltr'>ἐπίστασθαι</span> <span class='ocrx_word' id='word_1_4' title='bbox 967 785 1300 868; x_wconf 87' lang='lat' dir='ltr'><strong>„perspectum</strong></span> <span class='ocrx_word' id='word_1_5' title='bbox 1342 770 1566 860; x_wconf 86' lang='lat' dir='ltr'><strong>habere&#39;&#39;,</strong></span> <span class='ocrx_word' id='word_1_6' title='bbox 1658 784 1663 793; x_wconf 85' lang='lat'>&#39;</span> 
     </span>
     <span class='ocr_line' id='line_1_3' title="bbox 438 892 1568 993; baseline 0.002 -27"><span class='ocrx_word' id='word_1_7' title='bbox 438 892 622 987; x_wconf 82' lang='lat' dir='ltr'><strong>„scire&#39;’,</strong></span> <span class='ocrx_word' id='word_1_8' title='bbox 646 893 909 967; x_wconf 93' lang='lat' dir='ltr'><strong>tantummodo</strong></span> <span class='ocrx_word' id='word_1_9' title='bbox 932 893 1077 968; x_wconf 82' lang='lat' dir='ltr'><strong>formae</strong></span> <span class='ocrx_word' id='word_1_10' title='bbox 1096 895 1366 992; x_wconf 88' lang='lat' dir='ltr'><strong>praesenticae,</strong></span> <span class='ocrx_word' id='word_1_11' title='bbox 1382 895 1418 968; x_wconf 93' lang='lat' dir='ltr'><strong>in</strong></span> <span class='ocrx_word' id='word_1_12' title='bbox 1435 895 1568 993; x_wconf 90' lang='lat' dir='ltr'><strong>quibus</strong></span> 
     </span>
     <span class='ocr_line' id='line_1_4' title="bbox 431 1005 1445 1114; baseline 0 -24"><span class='ocrx_word' id='word_1_13' title='bbox 431 1014 608 1090; x_wconf 90' lang='lat' dir='ltr'><strong>nonnulla</strong></span> <span class='ocrx_word' id='word_1_14' title='bbox 637 1016 865 1114; x_wconf 81' lang='lat' dir='ltr'><strong>imperfecta,</strong></span> <span class='ocrx_word' id='word_1_15' title='bbox 895 1016 1141 1091; x_wconf 90' lang='lat' dir='ltr'><strong>inveniuntur.</strong></span> <span class='ocrx_word' id='word_1_16' title='bbox 1438 1005 1445 1030; x_wconf 77' lang='lat'>⁸</span> 
     </span>
    </p>

    <p class='ocr_par' dir='ltr' id='par_1_3' title="bbox 430 1138 1570 2473">
     <span class='ocr_line' id='line_1_5' title="bbox 485 1138 1568 1244; baseline 0.003 -32"><span class='ocrx_word' id='word_1_17' title='bbox 485 1139 602 1213; x_wconf 90' lang='lat' dir='ltr'><strong>Verbi</strong></span> <span class='ocrx_word' id='word_1_18' title='bbox 638 1143 846 1244; x_wconf 71' lang='grc' dir='ltr'>ἡγεῖσθαι</span> <span class='ocrx_word' id='word_1_19' title='bbox 875 1139 1242 1238; x_wconf 82' lang='lat' dir='ltr'><strong>(„existimare”)</strong></span> <span class='ocrx_word' id='word_1_20' title='bbox 1271 1138 1395 1238; x_wconf 89' lang='lat' dir='ltr'><strong>plures</strong></span> <span class='ocrx_word' id='word_1_21' title='bbox 1422 1141 1568 1215; x_wconf 82' lang='lat' dir='ltr'><strong>formae</strong></span> 
     </span>
     <span class='ocr_line' id='line_1_6' title="bbox 430 1260 1568 1362; baseline 0.002 -26"><span class='ocrx_word' id='word_1_22' title='bbox 430 1263 698 1361; x_wconf 80' lang='lat' dir='ltr'><strong>praesenticae,</strong></span> <span class='ocrx_word' id='word_1_23' title='bbox 740 1261 776 1335; x_wconf 92' lang='lat' dir='ltr'><strong>in</strong></span> <span class='ocrx_word' id='word_1_24' title='bbox 819 1262 952 1360; x_wconf 91' lang='lat' dir='ltr'><strong>quibus</strong></span> <span class='ocrx_word' id='word_1_25' title='bbox 995 1260 1138 1360; x_wconf 87' lang='lat' dir='ltr'>aliquot</span> <span class='ocrx_word' id='word_1_26' title='bbox 1179 1262 1408 1361; x_wconf 82' lang='lat' dir='ltr'><strong>imperfecta,</strong></span> <span class='ocrx_word' id='word_1_27' title='bbox 1453 1290 1568 1362; x_wconf 89' lang='lat' dir='ltr'><strong>quam</strong></span> 
     </span>
     <span class='ocr_line' id='line_1_7' title="bbox 432 1382 1566 1484; baseline 0.002 -25"><span class='ocrx_word' id='word_1_28' title='bbox 432 1385 639 1478; x_wconf 87' lang='lat' dir='ltr'><strong>aoristicae‚</strong></span> <span class='ocrx_word' id='word_1_29' title='bbox 665 1410 822 1482; x_wconf 91' lang='lat' dir='ltr'><strong>quarum</strong></span> <span class='ocrx_word' id='word_1_30' title='bbox 837 1382 1047 1482; x_wconf 89' lang='lat' dir='ltr'>complures</span> <span class='ocrx_word' id='word_1_31' title='bbox 1062 1386 1138 1458; x_wconf 91' lang='lat' dir='ltr'><strong>vim</strong></span> <span class='ocrx_word' id='word_1_32' title='bbox 1154 1385 1400 1484; x_wconf 84' lang='lat' dir='ltr'><strong>ingressivam</strong></span> <span class='ocrx_word' id='word_1_33' title='bbox 1414 1386 1566 1480; x_wconf 83' lang='lat' dir='ltr'><strong>habent,</strong></span> 
     </span>
     <span class='ocr_line' id='line_1_8' title="bbox 432 1505 1567 1615; baseline 0.008 -34"><span class='ocrx_word' id='word_1_34' title='bbox 432 1507 714 1605; x_wconf 81' lang='lat' dir='ltr'><strong>inveniuntur.1)</strong></span> <span class='ocrx_word' id='word_1_35' title='bbox 731 1507 1118 1582; x_wconf 87' lang='lat' dir='ltr'><strong>Animadvertendum</strong></span> <span class='ocrx_word' id='word_1_36' title='bbox 1134 1523 1192 1582; x_wconf 91' lang='lat' dir='ltr'><strong>est</strong></span> <span class='ocrx_word' id='word_1_37' title='bbox 1205 1505 1312 1582; x_wconf 91' lang='lat' dir='ltr'><strong>verbi</strong></span> <span class='ocrx_word' id='word_1_38' title='bbox 1326 1506 1567 1615; x_wconf 88' lang='grc' dir='ltr'>λαμβάνειν</span> 
     </span>
     <span class='ocr_line' id='line_1_9' title="bbox 433 1628 1566 1736; baseline 0.008 -34"><span class='ocrx_word' id='word_1_39' title='bbox 433 1655 597 1727; x_wconf 85' lang='lat' dir='ltr'><strong>quoque,</strong></span> <span class='ocrx_word' id='word_1_40' title='bbox 639 1645 824 1727; x_wconf 92' lang='lat' dir='ltr'><strong>quatenus</strong></span> <span class='ocrx_word' id='word_1_41' title='bbox 865 1629 943 1703; x_wconf 88' lang='lat' dir='ltr'><strong>sere</strong></span> <span class='ocrx_word' id='word_1_42' title='bbox 985 1629 1084 1703; x_wconf 90' lang='lat' dir='ltr'><strong>idem</strong></span> <span class='ocrx_word' id='word_1_43' title='bbox 1125 1628 1228 1705; x_wconf 90' lang='lat' dir='ltr'><strong>valet</strong></span> <span class='ocrx_word' id='word_1_44' title='bbox 1265 1631 1369 1729; x_wconf 92' lang='lat' dir='ltr'><strong>quod</strong></span> <span class='ocrx_word' id='word_1_45' title='bbox 1405 1636 1566 1736; x_wconf 74' lang='grc' dir='ltr'>ἡγεῖσθαι,</span> 
     </span>
     <span class='ocr_line' id='line_1_10' title="bbox 431 1749 1569 1849; baseline 0.004 -25"><span class='ocrx_word' id='word_1_46' title='bbox 431 1752 548 1825; x_wconf 90' lang='lat' dir='ltr'><strong>tribus</strong></span> <span class='ocrx_word' id='word_1_47' title='bbox 584 1749 674 1825; x_wconf 88' lang='lat' dir='ltr'><strong>locis</strong></span> <span class='ocrx_word' id='word_1_48' title='bbox 710 1750 979 1849; x_wconf 84' lang='lat' dir='ltr'><strong>imperfectum,</strong></span> <span class='ocrx_word' id='word_1_49' title='bbox 1004 1776 1190 1849; x_wconf 89' lang='lat' dir='ltr'>nusquam</span> <span class='ocrx_word' id='word_1_50' title='bbox 1218 1752 1293 1826; x_wconf 95' lang='lat' dir='ltr'><strong>ind.</strong></span> <span class='ocrx_word' id='word_1_51' title='bbox 1322 1778 1415 1841; x_wconf 75' lang='lat' dir='ltr'><strong>aon,</strong></span> <span class='ocrx_word' id='word_1_52' title='bbox 1445 1778 1569 1828; x_wconf 88' lang='lat' dir='ltr'><strong>occur-</strong></span> 
     </span>
     <span class='ocr_line' id='line_1_11' title="bbox 432 1872 1570 1981; baseline 0.005 -32"><span class='ocrx_word' id='word_1_53' title='bbox 432 1900 534 1968; x_wconf 83' lang='lat' dir='ltr'><strong>rere3</strong></span> <span class='ocrx_word' id='word_1_54' title='bbox 564 1875 627 1971; x_wconf 93' lang='lat' dir='ltr'><strong>qui</strong></span> <span class='ocrx_word' id='word_1_55' title='bbox 654 1872 725 1949; x_wconf 90' lang='lat' dir='ltr'><strong>loci</strong></span> <span class='ocrx_word' id='word_1_56' title='bbox 753 1890 839 1948; x_wconf 90' lang='lat' dir='ltr'><strong>sunt</strong></span> <span class='ocrx_word' id='word_1_57' title='bbox 867 1873 923 1949; x_wconf 94' lang='lat' dir='ltr'><strong>hi:</strong></span> <span class='ocrx_word' id='word_1_58' title='bbox 953 1873 1006 1946; x_wconf 93' lang='lat' dir='ltr'><strong>VI</strong></span> <span class='ocrx_word' id='word_1_59' title='bbox 1039 1897 1101 1969; x_wconf 85' lang='lat'><strong>27,</strong></span> <span class='ocrx_word' id='word_1_60' title='bbox 1133 1900 1153 1970; x_wconf 99' lang='lat'>3</span> <span class='ocrx_word' id='word_1_61' title='bbox 1181 1875 1218 1953; x_wconf 84' lang='grc' dir='ltr'><strong>τό</strong></span> <span class='ocrx_word' id='word_1_62' title='bbox 1247 1885 1387 1981; x_wconf 72' lang='grc' dir='ltr'>πρᾶγμα</span> <span class='ocrx_word' id='word_1_63' title='bbox 1413 1876 1570 1981; x_wconf 81' lang='grc' dir='ltr'>μειζόνως</span> 
     </span>
     <span class='ocr_line' id='line_1_12' title="bbox 432 1994 1568 2104; baseline -0.002 -29"><span class='ocrx_word' id='word_1_64' title='bbox 432 1994 688 2104; x_wconf 71' lang='grc' dir='ltr'>ἐλάμβανον</span> <span class='ocrx_word' id='word_1_65' title='bbox 733 1997 906 2096; x_wconf 81' lang='lat' dir='ltr'><strong>„majoris</strong></span> <span class='ocrx_word' id='word_1_66' title='bbox 943 1997 1122 2072; x_wconf 90' lang='lat' dir='ltr'><strong>momenti</strong></span> <span class='ocrx_word' id='word_1_67' title='bbox 1160 1997 1474 2093; x_wconf 87' lang='lat' dir='ltr'><strong>existimabant&#39;&#39;;</strong></span> <span class='ocrx_word' id='word_1_68' title='bbox 1506 2025 1568 2095; x_wconf 79' lang='lat'><strong>53,</strong></span> 
     </span>
     <span class='ocr_line' id='line_1_13' title="bbox 436 2117 1569 2225; baseline -0.005 -24"><span class='ocrx_word' id='word_1_69' title='bbox 436 2146 456 2216; x_wconf 87' lang='lat'>3</span> <span class='ocrx_word' id='word_1_70' title='bbox 479 2119 586 2201; x_wconf 82' lang='grc' dir='ltr'>πάντα</span> <span class='ocrx_word' id='word_1_71' title='bbox 600 2119 747 2213; x_wconf 77' lang='grc' dir='ltr'><strong><em>ὑπόπτως</em></strong></span> <span class='ocrx_word' id='word_1_72' title='bbox 761 2117 968 2225; x_wconf 85' lang='grc' dir='ltr'>ἐλάμβανε</span> <span class='ocrx_word' id='word_1_73' title='bbox 991 2119 1139 2214; x_wconf 81' lang='lat' dir='ltr'><strong>„omnia</strong></span> <span class='ocrx_word' id='word_1_74' title='bbox 1148 2121 1351 2219; x_wconf 82' lang='lat' dir='ltr'><strong>suspiciosa</strong></span> <span class='ocrx_word' id='word_1_75' title='bbox 1363 2120 1569 2217; x_wconf 83' lang='lat' dir='ltr'><strong>habebat&#39;’;</strong></span> 
     </span>
     <span class='ocr_line' id='line_1_14' title="bbox 434 2239 1570 2350; baseline 0.007 -33"><span class='ocrx_word' id='word_1_76' title='bbox 434 2249 497 2333; x_wconf 89' lang='lat'><strong>61,</strong></span> <span class='ocrx_word' id='word_1_77' title='bbox 541 2268 554 2317; x_wconf 94' lang='lat'>1</span> <span class='ocrx_word' id='word_1_78' title='bbox 596 2251 663 2350; x_wconf 76' lang='grc' dir='ltr'><strong>περὶ</strong></span> <span class='ocrx_word' id='word_1_79' title='bbox 695 2241 814 2323; x_wconf 73' lang='lat' dir='ltr'><strong>diroti</strong></span> <span class='ocrx_word' id='word_1_80' title='bbox 843 2239 1056 2348; x_wconf 73' lang='grc' dir='ltr'>Ἀλκιβιάδου</span> <span class='ocrx_word' id='word_1_81' title='bbox 1085 2287 1137 2298; x_wconf 90' lang='grc'><strong>-</strong></span> <span class='ocrx_word' id='word_1_82' title='bbox 1166 2250 1319 2350; x_wconf 83' lang='grc' dir='ltr'>χαλεπῶς</span> <span class='ocrx_word' id='word_1_83' title='bbox 1347 2248 1376 2323; x_wconf 83' lang='grc' dir='ltr'><strong>οἱ</strong></span> <span class='ocrx_word' id='word_1_84' title='bbox 1405 2243 1570 2336; x_wconf 83' lang='grc' dir='ltr'>Ἀθηναῖοι</span> 
     </span>
     <span class='ocr_line' id='line_1_15' title="bbox 434 2364 1434 2473; baseline -0.005 -27"><span class='ocrx_word' id='word_1_85' title='bbox 434 2364 672 2473; x_wconf 71' lang='grc' dir='ltr'>ἐλάμβανον</span> <span class='ocrx_word' id='word_1_86' title='bbox 707 2365 881 2464; x_wconf 85' lang='lat' dir='ltr'><strong>„gravius</strong></span> <span class='ocrx_word' id='word_1_87' title='bbox 908 2391 987 2439; x_wconf 89' lang='lat' dir='ltr'><strong>rem</strong></span> <span class='ocrx_word' id='word_1_88' title='bbox 1014 2391 1142 2440; x_wconf 90' lang='lat' dir='ltr'><strong>secum</strong></span> <span class='ocrx_word' id='word_1_89' title='bbox 1170 2365 1434 2464; x_wconf 88' lang='lat' dir='ltr'><strong>reputabant’&#39;.</strong></span> 
     </span>
    </p>

    <p class='ocr_par' dir='ltr' id='par_1_4' title="bbox 384 2487 1588 4431">
     <span class='ocr_line' id='line_1_16' title="bbox 488 2487 1571 2594; baseline 0.002 -32"><span class='ocrx_word' id='word_1_90' title='bbox 488 2488 603 2562; x_wconf 88' lang='lat' dir='ltr'><strong>Verbi</strong></span> <span class='ocrx_word' id='word_1_91' title='bbox 651 2493 863 2594; x_wconf 83' lang='grc' dir='ltr'>νομίζειν,</span> <span class='ocrx_word' id='word_1_92' title='bbox 918 2489 1152 2585; x_wconf 85' lang='lat' dir='ltr'><strong>„putare”,</strong></span> <span class='ocrx_word' id='word_1_93' title='bbox 1208 2487 1450 2582; x_wconf 82' lang='lat' dir='ltr'><strong>„habere”,</strong></span> <span class='ocrx_word' id='word_1_94' title='bbox 1492 2489 1571 2564; x_wconf 85' lang='lat' dir='ltr'><strong>fere</strong></span> 
     </span>
     <span class='ocr_line' id='line_1_17' title="bbox 433 2610 1571 2711; baseline 0 -25"><span class='ocrx_word' id='word_1_95' title='bbox 433 2610 542 2711; x_wconf 90' lang='lat' dir='ltr'><strong>triplo</strong></span> <span class='ocrx_word' id='word_1_96' title='bbox 565 2611 714 2711; x_wconf 89' lang='lat' dir='ltr'><strong>saepius</strong></span> <span class='ocrx_word' id='word_1_97' title='bbox 738 2610 839 2708; x_wconf 88' lang='lat' dir='ltr'><strong>imps.</strong></span> <span class='ocrx_word' id='word_1_98' title='bbox 865 2637 979 2709; x_wconf 89' lang='lat' dir='ltr'><strong>quam</strong></span> <span class='ocrx_word' id='word_1_99' title='bbox 1003 2611 1078 2686; x_wconf 93' lang='lat' dir='ltr'><strong>ind.</strong></span> <span class='ocrx_word' id='word_1_100' title='bbox 1104 2637 1182 2686; x_wconf 89' lang='lat' dir='ltr'><strong>aor.</strong></span> <span class='ocrx_word' id='word_1_101' title='bbox 1208 2613 1375 2686; x_wconf 72' lang='lat' dir='ltr'><strong>occurrit.</strong></span> <span class='ocrx_word' id='word_1_102' title='bbox 1396 2611 1571 2687; x_wconf 86' lang='lat' dir='ltr'><strong>Aoristus</strong></span> 
     </span>
     <span class='ocr_line' id='line_1_18' title="bbox 434 2733 1571 2834; baseline 0.001 -26"><span class='ocrx_word' id='word_1_103' title='bbox 434 2734 654 2834; x_wconf 89' lang='lat' dir='ltr'><strong>plerumque</strong></span> <span class='ocrx_word' id='word_1_104' title='bbox 690 2749 748 2809; x_wconf 88' lang='lat' dir='ltr'><strong>est</strong></span> <span class='ocrx_word' id='word_1_105' title='bbox 781 2733 1022 2825; x_wconf 76' lang='lat' dir='ltr'><strong>constativuS,</strong></span> <span class='ocrx_word' id='word_1_106' title='bbox 1062 2734 1165 2833; x_wconf 90' lang='lat' dir='ltr'><strong>cujus</strong></span> <span class='ocrx_word' id='word_1_107' title='bbox 1201 2733 1416 2833; x_wconf 89' lang='lat' dir='ltr'><strong>exemplum</strong></span> <span class='ocrx_word' id='word_1_108' title='bbox 1452 2734 1571 2810; x_wconf 86' lang='lat' dir='ltr'><strong>affero</strong></span> 
     </span>
     <span class='ocr_line' id='line_1_19' title="bbox 435 2855 1573 2963; baseline -0.003 -29"><span class='ocrx_word' id='word_1_109' title='bbox 435 2859 487 2934; x_wconf 92' lang='lat' dir='ltr'><strong>III</strong></span> <span class='ocrx_word' id='word_1_110' title='bbox 528 2883 587 2954; x_wconf 86' lang='lat'><strong>33,</strong></span> <span class='ocrx_word' id='word_1_111' title='bbox 629 2882 649 2953; x_wconf 94' lang='lat'>3</span> <span class='ocrx_word' id='word_1_112' title='bbox 686 2858 799 2963; x_wconf 76' lang='grc' dir='ltr'>κέρδος</span> <span class='ocrx_word' id='word_1_113' title='bbox 833 2855 869 2936; x_wconf 76' lang='grc' dir='ltr'><strong>δὲ</strong></span> <span class='ocrx_word' id='word_1_114' title='bbox 906 2857 1096 2961; x_wconf 85' lang='grc' dir='ltr'>ἐνόμισεν</span> <span class='ocrx_word' id='word_1_115' title='bbox 1126 2862 1217 2934; x_wconf 85' lang='grc' dir='ltr'>κτλ.;</span> <span class='ocrx_word' id='word_1_116' title='bbox 1249 2857 1304 2931; x_wconf 91' lang='lat' dir='ltr'><strong>his</strong></span> <span class='ocrx_word' id='word_1_117' title='bbox 1332 2858 1457 2932; x_wconf 92' lang='lat' dir='ltr'><strong>verbis</strong></span> <span class='ocrx_word' id='word_1_118' title='bbox 1487 2883 1573 2933; x_wconf 89' lang='lat' dir='ltr'><strong>con-</strong></span> 
     </span>
     <span class='ocr_line' id='line_1_20' title="bbox 384 2978 1570 3084; baseline -0.001 -27"><span class='ocrx_word' id='word_1_119' title='bbox 384 3059 390 3084; x_wconf 23' lang='lat' dir='ltr'>N</span> <span class='ocrx_word' id='word_1_120' title='bbox 434 2983 570 3057; x_wconf 91' lang='lat' dir='ltr'><strong>tinetur</strong></span> <span class='ocrx_word' id='word_1_121' title='bbox 586 2978 853 3078; x_wconf 90' lang='lat' dir='ltr'><strong>contemplatio</strong></span> <span class='ocrx_word' id='word_1_122' title='bbox 869 2979 1052 3072; x_wconf 85' lang='lat' dir='ltr'><strong>Pachetis,</strong></span> <span class='ocrx_word' id='word_1_123' title='bbox 1068 2980 1303 3078; x_wconf 90' lang='lat' dir='ltr'><strong>imperatoris</strong></span> <span class='ocrx_word' id='word_1_124' title='bbox 1317 2980 1570 3075; x_wconf 62' lang='lat' dir='ltr'><strong>Atheniensis</strong></span> 
     </span>
     <span class='ocr_line' id='line_1_21' title="bbox 434 3102 1571 3204; baseline -0.001 -24"><span class='ocrx_word' id='word_1_125' title='bbox 434 3105 482 3180; x_wconf 93' lang='lat' dir='ltr'><strong>de</strong></span> <span class='ocrx_word' id='word_1_126' title='bbox 513 3130 554 3179; x_wconf 93' lang='lat' dir='ltr'><strong>re</strong></span> <span class='ocrx_word' id='word_1_127' title='bbox 576 3105 658 3204; x_wconf 88' lang='lat' dir='ltr'><strong>jam</strong></span> <span class='ocrx_word' id='word_1_128' title='bbox 685 3103 898 3201; x_wconf 87' lang='lat' dir='ltr'><strong>praeterita.</strong></span> <span class='ocrx_word' id='word_1_129' title='bbox 932 3102 1157 3177; x_wconf 86' lang='lat' dir='ltr'><strong>Narratione</strong></span> <span class='ocrx_word' id='word_1_130' title='bbox 1186 3103 1235 3177; x_wconf 94' lang='lat' dir='ltr'><strong>de</strong></span> <span class='ocrx_word' id='word_1_131' title='bbox 1263 3103 1427 3178; x_wconf 90' lang='lat' dir='ltr'><strong>Pachete</strong></span> <span class='ocrx_word' id='word_1_132' title='bbox 1456 3103 1571 3179; x_wconf 89' lang='lat' dir='ltr'><strong>Lace·</strong></span> 
     </span>
     <span class='ocr_line' id='line_1_22' title="bbox 434 3226 1574 3326; baseline 0 -24"><span class='ocrx_word' id='word_1_133' title='bbox 434 3227 717 3305; x_wconf 90' lang='lat' dir='ltr'><strong>daemoniorum</strong></span> <span class='ocrx_word' id='word_1_134' title='bbox 746 3252 863 3301; x_wconf 89' lang='lat' dir='ltr'><strong>naves</strong></span> <span class='ocrx_word' id='word_1_135' title='bbox 891 3226 1130 3324; x_wconf 86' lang='lat' dir='ltr'><strong>persequenti</strong></span> <span class='ocrx_word' id='word_1_136' title='bbox 1158 3241 1310 3324; x_wconf 86' lang='lat' dir='ltr'><strong>peracta</strong></span> <span class='ocrx_word' id='word_1_137' title='bbox 1334 3227 1574 3326; x_wconf 87' lang='lat' dir='ltr'><strong>Thucydides</strong></span> 
     </span>
     <span class='ocr_line' id='line_1_23' title="bbox 432 3349 1571 3451; baseline 0 -24"><span class='ocrx_word' id='word_1_138' title='bbox 432 3353 550 3427; x_wconf 88' lang='lat' dir='ltr'><strong>verbo</strong></span> <span class='ocrx_word' id='word_1_139' title='bbox 574 3351 836 3426; x_wconf 86' lang='lat' dir='ltr'><strong>tantummodo</strong></span> <span class='ocrx_word' id='word_1_140' title='bbox 860 3349 989 3425; x_wconf 91' lang='lat' dir='ltr'><strong>addito</strong></span> <span class='ocrx_word' id='word_1_141' title='bbox 1004 3351 1052 3424; x_wconf 94' lang='lat' dir='ltr'><strong>de</strong></span> <span class='ocrx_word' id='word_1_142' title='bbox 1068 3350 1240 3425; x_wconf 90' lang='lat' dir='ltr'><strong>Pachetis</strong></span> <span class='ocrx_word' id='word_1_143' title='bbox 1254 3350 1571 3451; x_wconf 87' lang='lat' dir='ltr'><strong>contemplatione</strong></span> 
     </span>
     <span class='ocr_line' id='line_1_24' title="bbox 434 3471 1588 3580; baseline -0.002 -27"><span class='ocrx_word' id='word_1_144' title='bbox 434 3475 592 3580; x_wconf 88' lang='grc' dir='ltr'>(ἐνόμισεν</span> <span class='ocrx_word' id='word_1_145' title='bbox 619 3477 707 3572; x_wconf 87' lang='grc' dir='ltr'>κτλ.)</span> <span class='ocrx_word' id='word_1_146' title='bbox 730 3473 862 3548; x_wconf 83' lang='lat' dir='ltr'><strong>transit</strong></span> <span class='ocrx_word' id='word_1_147' title='bbox 884 3473 933 3548; x_wconf 85' lang='lat' dir='ltr'><strong>ad</strong></span> <span class='ocrx_word' id='word_1_148' title='bbox 958 3471 1168 3547; x_wconf 88' lang='lat' dir='ltr'><strong>enarranda</strong></span> <span class='ocrx_word' id='word_1_149' title='bbox 1192 3498 1291 3571; x_wconf 89' lang='lat' dir='ltr'><strong>quae</strong></span> <span class='ocrx_word' id='word_1_150' title='bbox 1314 3489 1442 3549; x_wconf 88' lang='lat' dir='ltr'><strong>secuta</strong></span> <span class='ocrx_word' id='word_1_151' title='bbox 1465 3489 1588 3568; x_wconf 82' lang='lat' dir='ltr'><strong>sunt3¹</strong></span> 
     </span>
     <span class='ocr_line' id='line_1_25' title="bbox 434 3594 1573 3696; baseline -0.001 -24"><span class='ocrx_word' id='word_1_152' title='bbox 434 3597 522 3672; x_wconf 93' lang='lat' dir='ltr'><strong>nihil</strong></span> <span class='ocrx_word' id='word_1_153' title='bbox 564 3623 657 3696; x_wconf 87' lang='lat' dir='ltr'><strong>ergo</strong></span> <span class='ocrx_word' id='word_1_154' title='bbox 699 3597 882 3672; x_wconf 92' lang='lat' dir='ltr'><strong>attinebat</strong></span> <span class='ocrx_word' id='word_1_155' title='bbox 923 3621 1008 3670; x_wconf 91' lang='lat' dir='ltr'><strong>eam</strong></span> <span class='ocrx_word' id='word_1_156' title='bbox 1050 3594 1406 3694; x_wconf 87' lang='lat' dir='ltr'><strong>contemplationem</strong></span> <span class='ocrx_word' id='word_1_157' title='bbox 1444 3595 1573 3671; x_wconf 88' lang='lat' dir='ltr'><strong>lectori</strong></span> 
     </span>
     <span class='ocr_line' id='line_1_26' title="bbox 435 3719 1570 3819; baseline -0.001 -24"><span class='ocrx_word' id='word_1_158' title='bbox 435 3734 719 3819; x_wconf 86' lang='lat' dir='ltr'><strong>repraesentare</strong></span> <span class='ocrx_word' id='word_1_159' title='bbox 751 3719 982 3816; x_wconf 84' lang='lat' dir='ltr'><strong>imperfecto,</strong></span> <span class='ocrx_word' id='word_1_160' title='bbox 1012 3719 1150 3797; x_wconf 87' lang='lat' dir='ltr'><strong>aoristo</strong></span> <span class='ocrx_word' id='word_1_161' title='bbox 1180 3719 1329 3817; x_wconf 83' lang='lat' dir='ltr'><strong>(const.)</strong></span> <span class='ocrx_word' id='word_1_162' title='bbox 1359 3744 1570 3795; x_wconf 86' lang='lat' dir='ltr'><strong>memorare</strong></span> 
     </span>
     <span class='ocr_line' id='line_1_27' title="bbox 398 3841 1574 3941; baseline -0.001 -23"><span class='ocrx_word' id='word_1_163' title='bbox 398 3853 402 3867; x_wconf 84' lang='grc'><strong>“</strong></span> <span class='ocrx_word' id='word_1_164' title='bbox 437 3844 527 3918; x_wconf 89' lang='lat' dir='ltr'><strong>satis</strong></span> <span class='ocrx_word' id='word_1_165' title='bbox 556 3857 647 3917; x_wconf 89' lang='lat' dir='ltr'><strong>erat.</strong></span> <span class='ocrx_word' id='word_1_166' title='bbox 673 3887 725 3897; x_wconf 93' lang='lat'><strong>—</strong></span> <span class='ocrx_word' id='word_1_167' title='bbox 750 3842 981 3940; x_wconf 84' lang='lat' dir='ltr'><strong>Ingressivus</strong></span> <span class='ocrx_word' id='word_1_168' title='bbox 1010 3841 1067 3916; x_wconf 94' lang='lat' dir='ltr'><strong>dic</strong></span> <span class='ocrx_word' id='word_1_169' title='bbox 1096 3841 1245 3940; x_wconf 92' lang='lat' dir='ltr'><strong>ipoterit</strong></span> <span class='ocrx_word' id='word_1_170' title='bbox 1273 3842 1302 3916; x_wconf 92' lang='lat' dir='ltr'><strong>is</strong></span> <span class='ocrx_word' id='word_1_171' title='bbox 1326 3843 1487 3917; x_wconf 90' lang='lat' dir='ltr'><strong>aoristus</strong></span> <span class='ocrx_word' id='word_1_172' title='bbox 1511 3843 1574 3941; x_wconf 94' lang='lat' dir='ltr'><strong>qui</strong></span> 
     </span>
     <span class='ocr_line' id='line_1_28' title="bbox 436 3957 1570 4072; baseline 0.006 -33"><span class='ocrx_word' id='word_1_173' title='bbox 436 3965 571 4064; x_wconf 87' lang='lat' dir='ltr'><strong>legitur</strong></span> <span class='ocrx_word' id='word_1_174' title='bbox 595 3965 650 4039; x_wconf 93' lang='lat' dir='ltr'><strong>IV</strong></span> <span class='ocrx_word' id='word_1_175' title='bbox 679 3968 762 4054; x_wconf 89' lang='lat'>128,</span> <span class='ocrx_word' id='word_1_176' title='bbox 790 3987 809 4060; x_wconf 88' lang='lat'><strong>5</strong></span> <span class='ocrx_word' id='word_1_177' title='bbox 837 3964 900 4044; x_wconf 77' lang='grc' dir='ltr'><strong>άπὸ</strong></span> <span class='ocrx_word' id='word_1_178' title='bbox 923 3961 1035 4044; x_wconf 85' lang='grc' dir='ltr'>τοότον</span> <span class='ocrx_word' id='word_1_179' title='bbox 1058 3979 1180 4069; x_wconf 77' lang='grc' dir='ltr'>πρῶτον</span> <span class='ocrx_word' id='word_1_180' title='bbox 1204 3957 1390 4071; x_wconf 76' lang='grc' dir='ltr'>Πεμδίκκας</span> <span class='ocrx_word' id='word_1_181' title='bbox 1405 3970 1570 4072; x_wconf 77' lang='grc' dir='ltr'>Βρασίδαν</span> 
     </span>
     <span class='ocr_line' id='line_1_29' title="bbox 434 4087 1572 4193; baseline -0.007 -23"><span class='ocrx_word' id='word_1_182' title='bbox 434 4091 587 4193; x_wconf 84' lang='grc' dir='ltr'>πολέμιον</span> <span class='ocrx_word' id='word_1_183' title='bbox 624 4087 788 4192; x_wconf 85' lang='grc' dir='ltr'>ἐνόμισε</span> <span class='ocrx_word' id='word_1_184' title='bbox 828 4111 895 4183; x_wconf 82' lang='lat' dir='ltr'><strong>„ex</strong></span> <span class='ocrx_word' id='word_1_185' title='bbox 924 4113 970 4161; x_wconf 96' lang='lat' dir='ltr'><strong>eo</strong></span> <span class='ocrx_word' id='word_1_186' title='bbox 999 4103 1171 4186; x_wconf 90' lang='lat' dir='ltr'><strong>tempore</strong></span> <span class='ocrx_word' id='word_1_187' title='bbox 1199 4088 1394 4163; x_wconf 86' lang='lat' dir='ltr'><strong>Brasidam</strong></span> <span class='ocrx_word' id='word_1_188' title='bbox 1423 4090 1572 4164; x_wconf 88' lang='lat' dir='ltr'><strong>hostem</strong></span> 
     </span>
     <span class='ocr_line' id='line_1_30' title="bbox 436 4208 1572 4309; baseline 0 -23"><span class='ocrx_word' id='word_1_189' title='bbox 436 4211 606 4286; x_wconf 90' lang='lat' dir='ltr'><strong>habere</strong></span> <span class='ocrx_word' id='word_1_190' title='bbox 633 4208 823 4309; x_wconf 88' lang='lat' dir='ltr'><strong>coepit&#39;’</strong></span> <span class='ocrx_word' id='word_1_191' title='bbox 854 4210 913 4306; x_wconf 84' lang='lat' dir='ltr'>(cf.</span> <span class='ocrx_word' id='word_1_192' title='bbox 945 4235 1030 4284; x_wconf 89' lang='lat' dir='ltr'><strong>ann.</strong></span> <span class='ocrx_word' id='word_1_193' title='bbox 1061 4208 1115 4284; x_wconf 89' lang='lat' dir='ltr'><strong>St.</strong></span> <span class='ocrx_word' id='word_1_194' title='bbox 1145 4209 1233 4305; x_wconf 81' lang='lat' dir='ltr'><strong>„der</strong></span> <span class='ocrx_word' id='word_1_195' title='bbox 1256 4211 1386 4287; x_wconf 87' lang='lat' dir='ltr'><strong>Aorist</strong></span> <span class='ocrx_word' id='word_1_196' title='bbox 1408 4212 1572 4286; x_wconf 87' lang='lat' dir='ltr'><strong>bezeich-</strong></span> 
     </span>
     <span class='ocr_line' id='line_1_31' title="bbox 438 4331 941 4431; baseline 0 -23"><span class='ocrx_word' id='word_1_197' title='bbox 438 4349 502 4408; x_wconf 89' lang='lat' dir='ltr'><strong>net</strong></span> <span class='ocrx_word' id='word_1_198' title='bbox 530 4333 603 4406; x_wconf 90' lang='lat' dir='ltr'><strong>den</strong></span> <span class='ocrx_word' id='word_1_199' title='bbox 633 4331 941 4431; x_wconf 86' lang='lat' dir='ltr'><strong>Umschwung&#39;’).</strong></span> 
     </span>
    </p>
   </div>
   <div class='ocr_carea' id='block_1_3' title="bbox 437 4527 1572 4691">
    <p class='ocr_par' dir='ltr' id='par_1_5' title="bbox 437 4527 1572 4691">
     <span class='ocr_line' id='line_1_32' title="bbox 475 4527 1572 4603; baseline 0 -18"><span class='ocrx_word' id='word_1_200' title='bbox 475 4535 501 4603; x_wconf 90' lang='lat'><strong>1)</strong></span> <span class='ocrx_word' id='word_1_201' title='bbox 519 4534 593 4585; x_wconf 86' lang='lat' dir='ltr'><strong>Idem</strong></span> <span class='ocrx_word' id='word_1_202' title='bbox 620 4533 690 4584; x_wconf 83' lang='lat' dir='ltr'><strong>valet</strong></span> <span class='ocrx_word' id='word_1_203' title='bbox 715 4533 748 4584; x_wconf 86' lang='lat' dir='ltr'><strong>de</strong></span> <span class='ocrx_word' id='word_1_204' title='bbox 771 4532 852 4584; x_wconf 88' lang='lat' dir='ltr'><strong>verbo</strong></span> <span class='ocrx_word' id='word_1_205' title='bbox 876 4527 991 4595; x_wconf 70' lang='grc' dir='ltr'><strong>ἡγεῖσθαι</strong></span> <span class='ocrx_word' id='word_1_206' title='bbox 1015 4538 1143 4598; x_wconf 88' lang='lat' dir='ltr'><strong>quatenus</strong></span> <span class='ocrx_word' id='word_1_207' title='bbox 1167 4533 1297 4598; x_wconf 83' lang='lat' dir='ltr'><strong>significat</strong></span> <span class='ocrx_word' id='word_1_208' title='bbox 1323 4534 1456 4599; x_wconf 86' lang='lat' dir='ltr'><strong>„ducem</strong></span> <span class='ocrx_word' id='word_1_209' title='bbox 1479 4533 1572 4586; x_wconf 86' lang='lat' dir='ltr'><strong>esse”</strong></span> 
     </span>
     <span class='ocr_line' id='line_1_33' title="bbox 437 4619 1564 4691; baseline -0.001 -17"><span class='ocrx_word' id='word_1_210' title='bbox 437 4621 483 4691; x_wconf 82' lang='lat' dir='ltr'><strong>(ci.</strong></span> <span class='ocrx_word' id='word_1_211' title='bbox 503 4637 582 4690; x_wconf 82' lang='lat' dir='ltr'><strong>supra</strong></span> <span class='ocrx_word' id='word_1_212' title='bbox 597 4637 624 4688; x_wconf 91' lang='lat' dir='ltr'><strong>p.</strong></span> <span class='ocrx_word' id='word_1_213' title='bbox 644 4619 704 4690; x_wconf 84' lang='lat'>35);</span> <span class='ocrx_word' id='word_1_214' title='bbox 717 4620 755 4672; x_wconf 81' lang='lat' dir='ltr'><strong>de</strong></span> <span class='ocrx_word' id='word_1_215' title='bbox 772 4619 827 4687; x_wconf 89' lang='lat' dir='ltr'><strong>ejus</strong></span> <span class='ocrx_word' id='word_1_216' title='bbox 844 4620 917 4672; x_wconf 82' lang='lat' dir='ltr'><strong>verbi</strong></span> <span class='ocrx_word' id='word_1_217' title='bbox 932 4626 1043 4688; x_wconf 87' lang='lat' dir='ltr'><strong>utroque</strong></span> <span class='ocrx_word' id='word_1_218' title='bbox 1053 4635 1131 4672; x_wconf 83' lang='lat' dir='ltr'><strong>sensu</strong></span> <span class='ocrx_word' id='word_1_219' title='bbox 1141 4619 1252 4674; x_wconf 82' lang='lat' dir='ltr'><strong>adhibiti</strong></span> <span class='ocrx_word' id='word_1_220' title='bbox 1261 4619 1384 4690; x_wconf 68' lang='lat' dir='ltr'><strong>aoristisfi</strong></span> <span class='ocrx_word' id='word_1_221' title='bbox 1397 4635 1430 4673; x_wconf 87' lang='lat'><strong>10</strong></span> <span class='ocrx_word' id='word_1_222' title='bbox 1438 4621 1564 4690; x_wconf 85' lang='lat' dir='ltr'><strong>pluribus.</strong></span> 
     </span>
    </p>
   </div>
   <div class='ocr_carea' id='block_1_4' title="bbox 0 0 1876 5656">
    <p class='ocr_par' dir='ltr' id='par_1_6' title="bbox 0 0 1876 5656">
     <span class='ocr_line' id='line_1_34' title="bbox 0 0 1876 5656; baseline 0 0"><span class='ocrx_word' id='word_1_223' title='bbox 0 0 1876 5656; x_wconf 95' lang='lat' dir='ltr'><strong> </strong></span> 
     </span>
    </p>
   </div>
  </div>
 </body>
</html>
