3726 5656
1006 527 1053 597 14

456 718 605 817 poterit:
642 717 777 792 aoristis
813 717 976 792 omnibus
1012 719 1207 792 communis
1233 733 1289 793 est
1315 719 1381 792 vis
1414 736 1599 817 puncta·

456 843 565 934 tiva,
595 867 668 940 qua
693 866 784 914 voce
804 840 853 914 uti
877 840 959 913 mihi
981 838 1084 914 liceat
1106 866 1175 938 pro
1195 867 1240 915 eo
1264 843 1363 939 quod
1387 842 1600 917 Germanice

457 964 577 1038 dicitur
621 964 698 1057 „die
739 959 945 1060 punktuelle
986 962 1234 1063 Bedeutung'’,
1284 964 1361 1056 ,die
1395 962 1602 1061 punktuelle

456 1083 629 1176 Aktion’',
678 1085 762 1179 ,der
804 1082 1132 1184 Punktualbegn'fi’‘
1149 1084 1196 1185 ¹),
1235 1084 1369 1158 aoristis
1405 1086 1600 1186 ingressivo

416 1245 422 1252 ·
456 1223 493 1283 et
528 1207 690 1282 effectivo
719 1207 820 1304 quasi
848 1232 955 1280 unum
983 1207 1230 1281 tantummodo
1258 1208 1403 1282 actionis
1430 1224 1599 1304 punctum

456 1329 687 1430 significatur:
740 1329 881 1420 initium,
924 1328 1011 1402 finis.
1055 1329 1199 1403 Aoristo
1241 1346 1361 1404 autem
1402 1331 1600 1406 constativo

455 1466 533 1526 tota
573 1451 677 1544 actio,
719 1467 950 1548 quotcunque
992 1468 1176 1526 momenta
1218 1452 1383 1543 continet,
1425 1453 1527 1550 quasi
1567 1453 1601 1526 in

457 1599 564 1648 unum
600 1587 768 1671 punctum
796 1573 1019 1663 contrahitur,
1055 1573 1125 1666 ,sie
1152 1574 1272 1647 wurde
1299 1574 1365 1648 wie
1392 1575 1455 1648 mit
1484 1575 1600 1648 dinem

457 1693 558 1769 Blick
594 1721 680 1769 vom
695 1694 857 1794 'Anfang
885 1695 939 1768 bis
966 1721 1045 1768 zum
1073 1694 1272 1769 Abschluss
1300 1695 1553 1794 'uberschaut‘'
1572 1697 1598 1794 2)

457 1816 546 1890 Sunt
578 1830 711 1906 autem,
747 1816 782 1888 in
818 1815 945 1913 quibus
981 1815 1169 1890 Meltzerus
1183 1819 1221 1913 ³),
1258 1817 1318 1914 qui
1351 1833 1524 1908 recusant,
1554 1843 1600 1892 ne

457 1939 667 2013 adhibeatur
705 1963 779 2011 vox
826 1936 1054 2035 ,punktuell'’
1097 1939 1145 2011 ad
1186 1939 1446 2039 designandam
1482 1941 1602 2015 aoristi

348 2117 350 2122 -
456 2061 636 2136 notionem
672 2058 889 2160 generalem,
927 2060 1062 2157 quippe
1089 2085 1184 2157 quae
1211 2087 1283 2135 vox
1310 2060 1421 2136 falsae
1448 2062 1600 2160 opinioni

457 2182 573 2288 locum
609 2184 696 2257 dare
731 2182 852 2280 possit,
892 2183 921 2255 si
956 2183 1036 2279 quis
1066 2183 1199 2283 cogitet
1226 2184 1273 2257 de
1301 2185 1400 2258 brevi
1426 2186 1599 2282 temporis

457 2322 653 2398 momento,
681 2305 727 2379 de
756 2319 886 2403 puncto
913 2305 1083 2402 temporis
1105 2291 1252 2402 proprio
1274 2330 1399 2399 sensu,
1426 2307 1600 2405 quamob-

457 2455 534 2502 rem
573 2427 636 2501 illis
675 2428 755 2501 viris
791 2427 903 2501 doctis
939 2427 1054 2524 aptius
1091 2427 1227 2502 videtur
1264 2429 1384 2502 aoristi
1420 2429 1600 2526 notionem

456 2575 683 2625 communem
718 2549 869 2623 indicare
905 2575 996 2623 voce
1034 2575 1128 2647 quae
1164 2565 1220 2624 est
1253 2551 1319 2624 vis
1345 2552 1600 2649 perfectiva

456 2659 555 2771 (,die'
577 2670 769 2769 perfective
792 2671 1055 2771 Bedeutung'’).
1084 2671 1167 2765 Qua
1191 2698 1293 2764 voce,
1315 2698 1410 2770 quae
1424 2675 1600 2748 actionem

456 2795 655 2869 aoristicam
692 2794 990 2891 praesenticarum
1025 2794 1216 2869 formarum
1254 2796 1379 2870 actioni
1417 2797 1599 2871 durativae

456 2917 614 3014 opponit,
636 2916 848 3017 significatur
868 2917 999 2990 aoristo
1021 2917 1055 2989 in
1077 2942 1212 3016 genere
1236 2917 1383 3014 exprimi
1397 2917 1503 2992 finem
1518 2944 1598 2993 con-

455 3039 591 3114 ditionis
622 3040 855 3129 continuatae,
884 3037 1012 3112 scilicet
1039 3039 1170 3114 aoristo
1198 3039 1361 3114 effectivo
1388 3039 1497 3115 finem
1524 3042 1600 3141 ejus

456 3162 602 3237 actionis
638 3187 733 3260 quae
764 3162 842 3259 ipso
869 3162 982 3235 verbo
1010 3162 1213 3253 continetur,
1243 3162 1373 3236 aoristo
1401 3178 1525 3237 autem
1552 3163 1598 3236 in·

456 3285 616 3386 gressivo
658 3283 765 3358 finem
806 3285 881 3382 ejus
922 3283 1126 3358 conditionis
1167 3310 1213 3357 ex
1253 3310 1327 3381 qua
1368 3285 1459 3359 actio
1500 3286 1599 3371 verbi

455 3423 539 3482 nata
573 3422 639 3481 est.
670 3406 875 3480 Secundum
904 3431 968 3479 eos
995 3407 1088 3480 viros
1116 3406 1242 3481 doctos
1269 3407 1377 3480 etiam
1405 3432 1490 3481 usus
1516 3433 1598 3482 con-

457 3530 603 3604 stativus
632 3528 749 3602 aoristi
777 3553 822 3601 ex
848 3527 917 3600 hac
943 3527 976 3601 vi
1004 3528 1198 3625 perfectiva
1217 3528 1436 3603 derivandus
1465 3545 1530 3604 est.

509 3651 611 3724 Nunc
652 3666 874 3724 transeamus
916 3650 963 3724 ad
1004 3648 1153 3724 alteram
1196 3650 1458 3748 quaestionem:
1504 3677 1599 3750 quae

455 3775 499 3849 sit
535 3773 651 3848 aoristi
679 3773 807 3847 Graeci
833 3773 1037 3873 significatio
1063 3774 1238 3871 primaria.
1268 3773 1411 3871 Aliquid
1438 3775 1523 3850 certi
1551 3776 1598 3850 ad

456 3897 547 3970 hanc
578 3895 825 3992 quaestionem
861 3895 1067 3992 responderi
1093 3922 1202 3993 posse
1229 3922 1300 3971 non
1327 3897 1474 3971 videtur.
1505 3898 1598 3973 Cum

456 4018 548 4092 enirn
576 4018 609 4091 in
636 4016 778 4118 linguae
807 4017 971 4090 Graecae
999 4018 1233 4093 monumentis
1253 4017 1422 4094 litterariis
1446 4020 1526 4094 inde
1549 4023 1598 4096 ab

495 4370 521 4439 1)
540 4371 580 4424 Cf.
599 4372 706 4437 Brugm.
726 4371 771 4422 Gr.
792 4369 856 4421 Gr.³
874 4387 901 4437 p.
922 4381 975 4436 474
994 4387 1036 4438 sq.

455 4495 458 4501 -
492 4456 521 4526 2)
539 4459 644 4524 Brugm.
662 4457 709 4507 1.1.
729 4472 756 4522 p.
776 4457 838 4522 476.
1249 4507 1251 4510 .

492 4544 521 4613 3)
539 4545 568 4596 in
586 4545 806 4596 commentatione
824 4544 930 4595 laudata
948 4545 999 4595 Zur
1018 4545 1101 4623 Lchre
1119 4562 1171 4598 von
1191 4546 1242 4599 den
1262 4547 1399 4602 Aktionen
1418 4556 1467 4602 etc.
