3726 5656
1032 634 1050 681 2

478 829 532 903 his
560 828 677 902 verbis
703 825 895 924 expressit:
932 867 1006 916 „-
1029 820 1136 894 much
1163 817 1230 892 wrll
1256 816 1390 915 always
1416 820 1466 892 be
1491 818 1554 894 left
1578 834 1618 893 to

478 951 680 1024 immediate
714 947 842 1046 feeling
878 945 950 1019 and
986 943 1115 1038 Queen
1142 941 1335 1014 Grammar
1360 939 1427 1014 will
1453 941 1530 1015 lose
1556 941 1620 1015 her

478 1073 613 1172 rights''
652 1087 689 1146 et
723 1069 835 1169 paulo
869 1067 975 1141 infiat
1021 1065 1151 1158 „Here
1184 1065 1286 1150 then,
1321 1089 1370 1136 on
1395 1064 1492 1138 what
1517 1089 1620 1138 some

481 1194 598 1268 would
624 1193 786 1267 consider
810 1191 872 1264 the
894 1215 982 1286 very
1003 1185 1185 1261 threshold
1211 1186 1254 1259 ol
1269 1185 1331 1259 the
1351 1184 1543 1286 language,
1565 1210 1621 1258 we

481 1333 577 1391 meet
613 1343 637 1390 a
672 1314 835 1413 problem
872 1313 949 1386 that
982 1311 1011 1383 is
1042 1327 1082 1383 to
1118 1310 1167 1382 be
1201 1307 1327 1382 solved
1352 1309 1403 1405 by
1429 1309 1622 1406 sympathy

481 1440 553 1514 and
588 1438 783 1536 sympathy
817 1434 932 1508 alone.
965 1433 1047 1505 The
1074 1457 1170 1528 open
1196 1455 1301 1504 sense
1327 1431 1371 1503 ol
1393 1432 1453 1504 the
1479 1432 1622 1505 student

481 1563 510 1635 is
537 1561 598 1634 the
625 1559 708 1656 only
735 1583 830 1656 open
857 1553 1038 1630 sesame'’.
1068 1553 1190 1647 Quam
1216 1577 1302 1626 vere
1327 1552 1418 1626 baec
1441 1553 1623 1626 dictasint

482 1699 649 1781 expertus
685 1681 776 1756 novi.
811 1679 896 1752 Mihi
922 1677 1065 1776 quidem
1091 1675 1286 1772 imperfecti
1312 1691 1350 1748 et
1375 1675 1495 1750 aoristi
1520 1702 1623 1750 usum

482 1805 751 1904 ‘Ibucydideum
773 1800 1024 1877 commentanti
1046 1799 1142 1872 haud
1163 1823 1244 1872 raro
1265 1798 1390 1873 accidit
1405 1813 1456 1890 ut,
1471 1825 1552 1872 cum
1566 1797 1623 1872 ali·

484 1953 594 2026 quam
629 1926 749 2026 legem
781 1924 946 1998 adhunc
974 1948 1078 1996 usum
1106 1921 1338 2018 pertinentem
1364 1921 1538 1996 invenisse
1565 1947 1624 1995 me

484 2067 679 2149 putassem,
708 2048 860 2121 eandem
887 2060 1028 2142 postea,
1052 2069 1135 2116 cum
1162 2043 1195 2116 in
1222 2067 1336 2116 novas
1363 2059 1401 2116 et
1427 2044 1625 2142 inopinatas

483 2171 675 2246 locutiones
697 2169 904 2258 incidissem,
928 2168 1089 2241 omitoere
1106 2167 1181 2240 sive
1201 2183 1421 2240 commutare
1440 2167 1623 2242 deberem.

399 2342 403 2348 -
485 2295 554 2367 Vix
577 2292 646 2367 alia
660 2292 781 2392 lingua
795 2307 862 2381 est,
877 2316 971 2389 quae
984 2307 1059 2364 tam
1074 2289 1259 2387 impatiens
1272 2289 1316 2362 sit
1328 2305 1503 2363 certarum
1517 2306 1625 2388 atque

485 2414 751 2490 immutabilium
787 2413 990 2514 regularum
1027 2437 1135 2510 quam
1172 2411 1314 2485 Graeca
1347 2438 1414 2485 nec
1440 2427 1627 2510 tantopere

486 2538 559 2613 ulla
595 2563 660 2611 nos
696 2538 793 2636 cogit
822 2536 870 2609 ad
897 2561 1021 2608 veram
1049 2551 1213 2608 naturam
1239 2535 1419 2631 syntactici
1445 2537 1627 2634 cujusdam

485 2661 621 2735 formae
643 2685 729 2731 usus
749 2658 940 2758 cogitando
964 2671 1164 2754 penetrare,
1189 2657 1469 2756 quotiescunque
1491 2658 1627 2733 locosa

485 2781 588 2855 solito
622 2807 687 2854 usu
722 2781 956 2855 abhorrentes
984 2778 1169 2854 enucleare
1196 2779 1369 2853 volumus.
1398 2779 1436 2854 Si
1461 2807 1624 2880 usquam,

484 2905 539 2977 hic
565 2903 687 3002 sagaci
709 2918 828 2976 mente
842 2913 942 3000 'opus
962 2917 1028 2976 est.
1053 2901 1109 2973 Ex
1131 2901 1236 2974 animi
1259 2902 1432 2976 sententia
1456 2904 1626 2978 assentior

484 3027 632 3100 Wnnno
647 3023 672 3122 ¹)
708 3026 755 3099 de
789 3025 927 3122 syntaxi
961 3024 1104 3099 Graeca
1136 3025 1227 3098 haec
1254 3023 1450 3121 praeclare,
1479 3041 1517 3100 ut
1544 3026 1626 3100 mihi

484 3149 631 3239 videtur,
655 3147 836 3221 scribenti:
869 3133 978 3240 „Rien
1000 3173 1046 3220 ne
1067 3146 1265 3221 ressemble
1288 3149 1401 3221 moins
1424 3150 1447 3222 a
1468 3174 1514 3222 un
1534 3149 1628 3223 code

487 3273 571 3368 (que
590 3269 625 3344 la
648 3285 797 3367 syntaxe
820 3270 1011 3368 grecque):
1033 3267 1100 3342 elle
1114 3269 1223 3360 obdit,
1238 3269 1260 3341 il
1274 3285 1329 3342 est
1342 3270 1429 3361 urai,
1447 3271 1547 3344 ades
1561 3269 1627 3344 lois

488 3419 561 3490 que
582 3391 655 3466 l'on
669 3406 755 3488 peut
768 3391 942 3490 degager‚
958 3391 1047 3464 mais
1060 3391 1125 3464 des
1135 3390 1244 3487 qu'on
1259 3417 1387 3489 essaye
1401 3393 1448 3466 de
1463 3392 1628 3466 sormuler

487 3541 548 3588 ces
567 3513 643 3603 Ιοίε,
664 3512 731 3587 elle
753 3513 888 3603 resiste,
911 3512 979 3586 elle
1001 3511 1156 3587 reclame
1179 3539 1220 3588 sa
1233 3512 1357 3588 liberte'
1372 3544 1379 3588 :
1395 3531 1490 3590 cette
1503 3514 1628 3590 liberte'

488 3635 580 3710 n'est
601 3635 802 3732 cependant
822 3661 889 3732 pas
911 3634 946 3708 la
969 3634 1120 3728 licence3
1144 3635 1173 3709 si
1193 3634 1261 3710 elle
1282 3636 1420 3711 semble
1434 3637 1628 3712 enfreindre

487 3758 523 3831 la
545 3758 646 3830 lettre
669 3757 715 3830 de
737 3755 771 3830 la
793 3755 851 3848 loi,
874 3757 963 3832 c'est
985 3785 1076 3856 pour
1097 3758 1214 3832 mieux
1235 3785 1276 3833 se
1299 3760 1498 3834 conformer
1520 3762 1544 3833 a
1563 3785 1629 3836 son

488 3880 606 3976 esprit.
630 3878 731 3953 C’est
753 3907 823 3978 que
845 3878 880 3953 la
902 3879 1033 3980 langue
1055 3906 1225 3980 grecque,
1241 3883 1381 3978 produit
1395 3881 1531 3957 naturel
1545 3883 1630 3957 d'un

488 3999 619 4100 peuple
655 4001 949 4076 admirablement
983 4003 1089 4091 doue,
1127 4002 1188 4077 n’a
1224 4030 1292 4101 pas
1325 4031 1442 4078 connu
1472 4007 1631 4103 pendant

489 4126 555 4198 des
586 4121 710 4197 siecles
736 4122 769 4198 le
792 4126 882 4224 joug
910 4125 1013 4200 etroit
1039 4126 1105 4198 des
1130 4127 1397 4225 grammain'ens
1423 4128 1470 4202 de
1497 4128 1579 4227 prol
1618 4169 1629 4186 -

489 4247 581 4339 sion3
603 4246 808 4320 instrument
833 4247 940 4321 d’une
963 4247 1206 4322 merveilleuse
1229 4248 1427 4346 souplesse‚
1452 4249 1520 4324 elle
1543 4250 1630 4325 s’ac·
1706 4302 1709 4310 ·

530 4550 555 4618 1)
573 4552 682 4617 Journal
705 4552 750 4602 des
776 4552 894 4620 Savants,
919 4554 973 4603 Mai
1001 4566 1083 4621 19013
1108 4554 1181 4606 locus
1207 4555 1328 4606 laudatus
1353 4564 1392 4606 est
1417 4571 1509 4608 av.c.
1530 4556 1632 4608 Gilder·

488 4638 575 4690 sleeve
593 4639 639 4692 l.l.
659 4655 686 4705 p.
706 4653 732 4689 2.
