3770 5662
999 543 1073 614 116

464 750 561 852 legit
601 751 780 828 aoristum
821 749 1141 858 οῖντανηγοῖγοντο,
1183 753 1287 852 quod
1327 754 1386 829 hic
1426 755 1609 832 referatur

463 875 726 950 tantummodo
763 875 813 950 ad
848 900 895 950 ea
931 901 1031 973 quae
1065 876 1296 973 praecedunt
1324 878 1370 974 (c.
1404 896 1464 973 79,
1496 881 1535 978 6)
1562 883 1607 973 ὡς

462 994 568 1091 οὐδεὶς
605 994 715 1090 αὐτοῖς
749 997 960 1102 ἀντανήγετο.
993 997 1087 1071 Mihi
1115 1014 1241 1074 autem
1270 999 1418 1074 videtur
1446 1000 1503 1076 hic
1531 1026 1607 1077 non

463 1135 609 1195 tantum
646 1118 735 1194 illud
772 1120 904 1218 respici
940 1122 1009 1195 sed
1046 1145 1115 1218 per
1147 1119 1296 1220 longius
1319 1121 1399 1220 jam
1429 1123 1608 1222 temporis

464 1242 627 1341 spatium
664 1241 958 1341 Peloponnesios
994 1257 1211 1318 cunctantes
1248 1243 1447 1342 significari
1484 1245 1544 1344 (cs.
1574 1273 1606 1321 c.

467 1369 529 1461 78,
567 1373 587 1438 ‘1
619 1373 676 1444 τοῦ
701 1363 762 1469 μὲν
790 1361 850 1443 οὐκ
879 1363 1041 1458 ἐθέλοντος
1069 1360 1139 1443 οὔτε
1165 1364 1312 1471 πρότερον
1339 1377 1527 1472 ναυμαχεῖν
1555 1412 1608 1423 -

466 1482 536 1566 οὔτε
563 1493 620 1566 νῦν
649 1489 749 1585 κτλ).
781 1486 896 1582 Quod
924 1486 1057 1561 attinet
1085 1487 1135 1561 ad
1164 1487 1201 1562 id
1229 1489 1334 1586 quod
1362 1486 1419 1563 Cl.
1444 1489 1494 1588 (in
1519 1514 1606 1564 ann.

464 1610 515 1685 ad
540 1608 563 1684 l.
580 1607 619 1708 l.)
647 1608 922 1703 animadvertit,
952 1606 1205 1708 compluribus
1231 1609 1322 1686 locis
1350 1610 1385 1684 in
1414 1610 1606 1686 codicibus

465 1747 560 1831 part.
599 1756 721 1831 praes.
750 1730 967 1836 ἀναγόμενοι
995 1730 1228 1807 librariorum
1256 1757 1383 1808 errore
1410 1759 1479 1832 pro
1510 1750 1605 1832 part.

465 1881 545 1932 aor.
580 1853 857 1960 ἀναγαγόμενοι
885 1853 1047 1953 reperiri,
1076 1879 1235 1932 revera
1263 1855 1335 1929 hoc
1363 1856 1540 1931 mendum
1571 1856 1607 1931 in

466 1977 654 2053 codicibus
682 1975 867 2052 nonnullis
894 1977 974 2052 sive
1001 1977 1038 2051 in
1066 1977 1240 2052 omnibus
1267 1977 1458 2053 codicibus
1486 1994 1609 2056 exstat

467 2099 1140 2194 129‚4;52‚1;1133‚3;90‚
1177 2124 1217 2192 1³
1248 2123 1390 2193 92‚4;
1421 2100 1607 2197 V11195‚

468 2244 502 2318 5.
543 2221 634 2298 Mea
667 2236 794 2300 autern
823 2219 999 2318 opinione
1025 2218 1167 2296 sacilius
1195 2247 1264 2320 per
1291 2221 1607 2323 haplographiam

469 2378 514 2450 ιιγ
550 2370 619 2443 pro
657 2377 751 2449 αγαγ
788 2369 812 2419 a
847 2341 1003 2417 librariis
1039 2343 1147 2418 scribi
1176 2345 1298 2443 potuit
1326 2371 1440 2444 quarn
1467 2378 1511 2450 ηγ
1539 2373 1608 2446 pro

465 2500 569 2573 ηγαγ,
594 2467 697 2566 quod
721 2464 778 2541 Cl.
802 2481 931 2541 nostro
954 2464 1038 2541 loco
1061 2493 1130 2541 usu
1151 2466 1299 2542 venisse
1321 2468 1390 2542 sibi
1413 2471 1607 2566 persuasit.

520 2588 649 2664 Verba
675 2589 927 2664 accusandi
956 2614 1054 2690 quae
1077 2615 1191 2688 supra
1214 2616 1251 2688 p.
1280 2614 1327 2683 29
1351 2616 1408 2689 sq.
1424 2591 1474 2666 ad
1488 2596 1609 2691 genus

466 2711 664 2810 petitivum
718 2710 903 2810 pertinere
954 2712 1305 2806 demonstravimus,
1355 2727 1442 2788 sunt
1490 2714 1606 2791 haec:

467 2838 681 2918 αἰτιᾶσθαι
703 2834 859 2935 ejusque
881 2834 1101 2933 composita,
1130 2834 1346 2939 ἐγκαλεῖν,
1374 2837 1607 2931 ἐπικαλεῖν,

468 2966 743 3063 κατηγοροίη
781 2983 941 3056 quorum
969 2957 1175 3033 verborum
1202 2973 1358 3057 propter
1384 2959 1505 3058 ipsam
1532 2960 1608 3034 vim

469 3079 663 3179 petitivam
681 3078 824 3178 majore
840 3105 995 3156 numero
1010 3079 1269 3178 praesenticae
1283 3106 1398 3179 quarn
1413 3081 1609 3159 aoristicae

468 3201 613 3278 formae
638 3199 885 3278 inveniuntur.
1430 3199 1432 3208 ’

523 3323 640 3400 Verbi
680 3330 895 3405 αἰτιᾶσθαι
938 3323 1014 3400 ind.
1057 3349 1135 3402 aor.
1180 3350 1256 3400 non
1291 3325 1467 3422 occurrit;
1505 3325 1607 3426 imps.

467 3447 605 3549 legitur
631 3462 778 3524 tantum
807 3446 843 3520 V
873 3470 934 3544 30,
970 3473 984 3522 1
1018 3450 1076 3528 καῖ
1104 3450 1278 3554 ᾐτιῶντο
1305 3450 1366 3536 τήν
1393 3481 1426 3528 τε
1455 3451 1609 3555 ἐοῆγησιν

466 3581 525 3653 τοῦ
551 3571 671 3664 παντὸς
699 3577 774 3652 κτλ.

523 3692 733 3792 Compositi
765 3695 1031 3775 ε’παιτιᾶσθαι
1059 3692 1161 3792 impl.
1191 3708 1296 3768 extat
1323 3693 1359 3767 V
1393 3699 1452 3786 16,
1484 3719 1527 3790 ²3
1557 3695 1611 3770 Vl

471 3821 534 3911 28,
570 3842 609 3913 ις
640 3820 701 3913 58,
734 3840 777 3911 23
807 3816 895 3891 VIII
924 3844 960 3912 9,
994 3842 1038 3910 23
1066 3815 1244 3914 implecto
1273 3816 1331 3891 hic
1359 3814 1430 3891 illic
1457 3834 1612 3916 praeter

469 3939 546 4014 vim
580 3937 776 4037 petitivam
813 3937 927 4013 etiam
958 3938 1016 4013 vis
1044 3937 1216 4014 iterativa
1244 3937 1351 4032 inest,
1381 3962 1518 4036 nempe
1545 3939 1608 4015 ubi

470 4061 690 4160 designatur
712 4061 902 4136 accusatio
927 4086 1025 4158 quae
1046 4061 1083 4135 in
1108 4086 1173 4134 ore
1195 4061 1361 4136 omnium
1376 4061 1609 4139 versabatur.

472 4182 698 4258 lndicativus
726 4183 854 4258 aoristi
883 4182 985 4257 hisce
1013 4183 1161 4258 duobus
1186 4181 1278 4258 locis
1306 4181 1461 4283 legitur:

524 4305 558 4379 ll
600 4325 661 4401 70,
700 4320 840 4403 4post
868 4320 1118 4380 memoratum
1146 4304 1285 4380 exitum
1314 4305 1520 4383 Potidaeae
1547 4307 1611 4382 ob·

470 4425 622 4504 sidionis
658 4426 906 4526 praesidiique
941 4426 1171 4504 deditionem
1199 4428 1251 4506 sic
1279 4428 1466 4528 pergitur:
1495 4431 1554 4509 καῖ
1582 4433 1613 4511 οἱ

468 4549 528 4658 μὲν
562 4549 756 4631 ὑπόσπονδοι
792 4552 929 4646 ἐξῆλθον
957 4575 1021 4607 -·
1051 4547 1216 4642 Ἀθηναῖοι
1252 4549 1289 4632 δὲ
1316 4545 1390 4646 τοῖς
1416 4583 1449 4631 τε
1475 4584 1611 4659 στρατη·
