3726 5656
979 518 1027 590 28

450 755 634 808 conamen
672 754 854 828 prospere
892 727 1114 802 successisse
1148 726 1335 802 aoristo
1363 725 1592 824 significatur

451 857 496 953 (c.
528 879 591 950 93,
627 855 681 952 1):
711 861 846 932 rotatico
873 859 892 929 ὁ
921 849 1111 955 Παγώνδας
1136 859 1203 943 τοῖς
1226 859 1373 944 Βοιωτοῖς
1395 853 1593 955 παραινέσας

449 973 604 1056 ἔπεισεν
639 977 717 1056 ἰέναι
746 977 794 1055 ἐπὶ
823 971 899 1068 τοὺς
927 969 1116 1066 Ἀθηναιους
1144 973 1167 1047 i.
1183 998 1216 1047 e.
1247 973 1494 1071 persuasit.
1526 973 1591 1048 Ad

449 1099 549 1174 idern
578 1097 783 1196 imperfecti
805 1122 927 1194 genus
949 1096 1136 1194 pertinere
1159 1095 1248 1169 mihi
1271 1095 1444 1170 videntur
1466 1119 1512 1170 ea
1527 1097 1591 1170 im-

448 1222 614 1319 perfecta
640 1222 774 1321 quibus
794 1219 1024 1318 significatur
1047 1220 1092 1293 in
1114 1244 1168 1293 eo
1195 1218 1347 1293 fuisse
1376 1234 1423 1292 ut
1452 1217 1590 1318 aliquid

448 1344 566 1436 fieret,
605 1345 707 1443 quod
735 1343 873 1418 factum
902 1343 949 1416 sit
976 1367 1095 1416 necne
1123 1340 1343 1440 imperfecto
1367 1366 1442 1414 non
1472 1343 1590 1441 expri-

450 1467 572 1560 mitur,
600 1465 705 1542 velut
733 1465 806 1540 Vll
838 1486 900 1561 71,
934 1485 953 1560 7
983 1466 1218 1569 διαφθαρεισῶν
1245 1459 1311 1569 γὰρ
1337 1479 1401 1542 τῶν
1424 1479 1502 1542 νεῶν
1524 1475 1592 1559 τοῖς

449 1592 727 1693 Λακεδαιμονίοις
749 1585 1101 1694 προσαπώλλυντο
1124 1581 1234 1678 αὐτοῖς
1257 1591 1315 1664 καὶ
1337 1588 1368 1665 οἱ
1390 1587 1422 1664 ἐν
1445 1600 1487 1694 τῇ
1501 1587 1589 1692 νήσῳ

449 1706 565 1817 ἄνδρες
601 1709 836 1828 διαβεβηκότες
863 1709 885 1784 i.
902 1734 934 1783 e.
965 1709 1080 1783 etiam
1108 1708 1132 1781 ii
1160 1707 1287 1806 quiin
1315 1705 1434 1782 insula
1461 1706 1590 1783 inclusi

451 1847 559 1907 erant
586 1832 783 1930 perituri
811 1832 1010 1906 fuerant.
1403 1835 1405 1840 '

504 1954 613 2028 Nunc
637 1979 826 2053 exponam
849 1955 920 2028 tria
944 1952 1151 2050 imperfecti
1167 1977 1320 2050 genera,
1338 1977 1449 2050 quae,
1465 1978 1588 2051 aeque

449 2101 493 2152 ac
516 2101 682 2174 eaquae
700 2077 782 2176 jam
805 2075 1061 2168 tractavimus,
1083 2100 1130 2149 ex
1144 2073 1350 2172 imperfecti
1365 2075 1401 2149 vi
1417 2075 1588 2150 durativa

448 2198 607 2274 derivari
644 2213 811 2297 possunt,
851 2224 1009 2297 quorum
1036 2213 1164 2272 tamen
1193 2223 1300 2272 usum
1328 2213 1407 2272 tum
1436 2197 1602 2271 demum*

447 2319 547 2400 clare
577 2321 854 2419 perspiciemus,
885 2347 969 2394 curn
998 2319 1196 2419 diligenter
1222 2320 1416 2394 nobiscum
1440 2337 1587 2419 reputa-

355 2530 359 2538 ,
447 2444 622 2532 verimuS,
667 2442 796 2519 illam
837 2444 927 2518 vim
969 2442 1234 2541 imperfecti
1276 2443 1587 2541 parataticam

447 2565 638 2662 proprie
690 2590 778 2639 non
820 2566 1053 2641 actionem
1094 2564 1226 2640 verbi
1266 2566 1347 2639 sed
1387 2565 1588 2639 animum

449 2687 678 2762 auditoris
705 2695 980 2793 παρατείνειν,
1009 2689 1031 2764 i.
1062 2712 1094 2763 e.
1125 2712 1215 2761 non
1244 2712 1297 2762 eo
1325 2686 1589 2785 significari

448 2810 566 2885 adeo
604 2810 804 2884 aetionis
841 2811 1091 2885 continuae
1127 2811 1330 2908 spatium
1359 2836 1493 2908 quam
1521 2835 1587 2884 re-

448 2932 568 3030 quiri
588 2931 785 3007 lectoris
806 2933 1117 3008 attentionem
1140 2933 1473 3008 continuatam.
1490 2932 1587 3006 Cum

447 3055 558 3153 igitur
594 3056 752 3154 scriptor
787 3056 1047 3155 imperfectum
1086 3055 1252 3143 adhibet,
1289 3081 1336 3130 eo
1361 3072 1492 3131 monet
1517 3054 1587 3131 lec·

446 3193 580 3266 torem,
602 3193 644 3252 ut
664 3179 791 3253 animo
813 3178 1041 3278 aliquamdiu
1065 3193 1231 3253 moretur
1243 3179 1281 3252 in
1296 3178 1402 3253 verbi
1416 3179 1586 3273 actione,

446 3299 484 3372 id
525 3300 628 3396 quod
662 3316 765 3376 recte
802 3289 1133 3392 Grnnuxsnauvws
1173 3327 1257 3374 cum
1295 3301 1343 3376 de
1379 3289 1586 3400 imperfecti

445 3421 483 3496 vi
506 3421 677 3497 durativa
700 3424 791 3522 agit,
807 3424 859 3498 sic
873 3424 1045 3523 exprimit
1059 3424 1108 3521 ¹):
1129 3467 1203 3512 „-
1218 3423 1295 3498 the
1318 3439 1420 3498 seat
1441 3423 1491 3499 of
1509 3425 1586 3500 the
1667 3471 1676 3488 ·

446 3544 663 3634 duration
700 3545 796 3643 (has
834 3561 882 3620 to
917 3547 986 3644 be)
1024 3562 1105 3643 put
1133 3545 1283 3620 where
1309 3545 1344 3620 it
1372 3544 1583 3645 belongs,

445 3666 486 3739 in
521 3666 599 3740 the
636 3692 718 3764 eye
756 3668 807 3742 of
838 3669 916 3743 the
943 3667 1183 3761 beholder,
1207 3669 1250 3742 in
1278 3669 1358 3744 the
1384 3669 1520 3744 heart
1547 3670 1593 3744 of

330 3837 333 3842 -
444 3789 1583 3886 thesympathizer,andnotintheactionitself’.

500 3911 586 3985 Hoc
613 3938 698 3986 cum
726 3911 979 4012 neglexissent
1007 3911 1111 3986 multi
1138 3912 1206 3986 viri
1231 3912 1331 3987 docti
1353 3927 1583 4004 erraverunt,

444 4034 547 4132 quod
568 4032 729 4133 exempli
752 4036 874 4134 gratia
896 4034 1025 4132 affere,
1045 4035 1081 4108 in
1098 4033 1320 4131 explicando
1331 4061 1399 4109 usu
1414 4035 1584 4132 frequen-

443 4156 585 4231 tissimo
607 4155 814 4254 imperfecti
836 4157 942 4230 verbi
963 4153 1172 4248 ueletiam,
1200 4157 1263 4257 qui
1285 4182 1378 4232 sane
1394 4157 1583 4232 mirandus

444 4293 522 4371 est,
547 4259 705 4375 simplex
729 4279 827 4353 enim
838 4280 984 4379 jussum
999 4280 1141 4378 quippe
1157 4281 1259 4388 quod
1274 4260 1581 4356 momentaneum

444 4445 632 4456 ι-ι--ι-ι

483 4551 509 4621 ι)
528 4553 561 4604 Α.
579 4553 603 4622 J.
624 4553 652 4605 P.
673 4553 765 4606 XXIII
784 4553 879 4623 (1902)
898 4571 925 4622 p.
943 4563 1004 4622 251.
