3770 5662
997 548 1045 619 68

566 807 650 920 §a¹
671 822 742 896 De
769 819 1065 918 imperfecto
1094 819 1464 919 descriptivo1).

502 990 568 1065 Ad
588 989 792 1089 imperfecti
808 967 1019 1087 descriptivi
1030 1013 1138 1062 usum
1153 986 1412 1063 illustrandum
1428 989 1588 1087 primum

448 1112 591 1210 aliquot
618 1110 792 1211 exempla
820 1111 955 1186 afferre
984 1111 1071 1185 mihi
1100 1110 1230 1186 liceat:

503 1238 519 1310 1
549 1239 633 1332 138,
648 1260 668 1331 3
692 1233 955 1309 Themistoclis
969 1234 1159 1332 ingenium
1174 1235 1338 1309 breviter
1352 1235 1587 1309 describitur:

437 1351 471 1446 ..ἦ
478 1388 496 1436 ν
524 1353 590 1464 γὰρ
610 1366 629 1437 ὁ
649 1369 782 1462 Θεμιστ.
798 1400 851 1411 -
865 1352 957 1452 ἄξιος
979 1353 1148 1463 θανμοῖσαι
1170 1356 1402 1455 (imperfecto
1417 1358 1497 1457 ejus
1511 1359 1589 1432 vita

450 1480 557 1554 nobis
593 1479 1015 1578 repraesentatur),
1054 1492 1184 1553 contra
1220 1478 1268 1553 ib.
1298 1479 1334 1553 in
1363 1479 1438 1554 fine
1468 1480 1589 1558 καὶτὸ

449 1597 584 1705 ξύμπαν
623 1606 717 1681 εἰπεῖν
752 1645 804 1656 -
842 1596 1012 1705 κρσέτιστος
1046 1598 1089 1687 δὴ
1129 1589 1219 1694 οἷιτος
1256 1597 1519 1707 αὐτοσχεδιάζειν
1547 1597 1589 1680 roi

449 1724 566 1804 δέοντα
593 1720 750 1829 ἐγένετο
779 1723 933 1821 (aoristo
959 1723 1168 1799 constativo
1191 1724 1371 1823 judicium
1399 1725 1589 1822 scriptoris

449 1848 776 1945 memoratur).

503 1970 534 2044 II
556 1993 609 2071 Ι49
634 1995 723 2071 εσσε
743 1967 867 2045 multis
889 1951 1115 2067 imperfectis
1133 1969 1350 2045 describitur
1378 1968 1589 2068 pestilentia

433 2118 525 2191 ,qua
567 2092 742 2168 Athenae
783 2117 884 2167 anno
921 2091 1291 2191 quadringentesimo
1328 2093 1514 2168 tricesimo
1552 2119 1587 2168 a.

450 2215 538 2290 Chr.
569 2241 605 2290 n.
636 2214 964 2309 conflictabantur;
994 2213 1369 2289 animadvertendum
1398 2231 1457 2290 est
1483 2215 1520 2289 in
1543 2241 1589 2290 ea

448 2337 709 2435 descriptione,
738 2336 1035 2434 quotiescunque
1062 2360 1172 2410 casus
1206 2334 1401 2433 peculiaris
1432 2337 1481 2411 ad
1514 2335 1589 2411 illu·

449 2460 641 2534 strandam
656 2443 906 2534 conditionem
922 2459 1134 2533 universam
1150 2473 1389 2548 memoratur,
1410 2459 1588 2534 aoristum

450 2582 699 2657 constativum
735 2581 914 2674 adhiberi,
950 2580 1054 2656 velut
1091 2604 1152 2677 50,
1189 2606 1202 2654 1
1234 2581 1270 2660 τὸ
1298 2579 1382 2675 εἶδος
1408 2596 1467 2675 τῆς
1493 2583 1588 2663 νόσον

447 2702 492 2784 τοί
524 2738 557 2784 τε
593 2699 685 2782 ἄλλα
721 2705 954 2810 χαλεπωτέρας
991 2705 1012 2788 ἢ
1051 2699 1139 2783 κατὰ
1176 2703 1236 2792 τὴν
1270 2703 1469 2810 οἷνθρωπειάν
1497 2703 1589 2810 φύσιν

441 2813 719 2933 προσέπιπτεν
739 2823 862 2933 έκοέστῳ
887 2830 944 2907 καὶ
968 2829 1000 2906 ἐν
1022 2830 1104 2932 τῷδε
1127 2828 1310 2915 ἐδήλωσε
1332 2825 1480 2931 pothio-ru
1495 2835 1588 2924 xrl.;

440 2971 514 3058 ¹52,
557 2975 571 3024 1
613 2943 741 3058 ἕπεέσε
777 2945 810 3028 δ’
841 2947 1039 3044 αὐτοὺς-
1068 2951 1125 3028 καὶ
1164 2954 1185 3035 η’
1225 2948 1412 3054 ξνγκομιδὴ
1453 2952 1489 3030 ἐκ
1525 2966 1588 3031 τῶν

436 3069 560 3178 ,ἄγραν
581 3075 616 3167 ,ἐς
637 3073 673 3151 τὸ
697 3068 801 3154 dum:
826 3072 966 3147 aoristo
990 3098 1130 3147 novum
1150 3072 1430 3147 incommodum
1450 3098 1588 3149 memo-

438 3211 561 3296 ratur,
599 3195 704 3295 cujus
740 3194 875 3296 singuli
912 3195 1067 3270 effectus
1104 3194 1139 3269 in
1178 3193 1220 3268 iis
1256 3220 1357 3294 quae
1384 3212 1590 3295 sequuntur

432 3317 674 3417 ¹imperfectis
702 3318 978 3394 describuntur:
1008 3320 1207 3424 ἐγίγνετο,
1232 3315 1400 3414 ἔκειντο,
1424 3320 1589 3399 ἐκαλιν-

431 3445 596 3548 Ιδοιῖντο
627 3455 697 3516 etc.

441 3589 443 3594 ·
501 3563 564 3638 De
591 3561 676 3637 loco
706 3562 740 3636 II
772 3567 835 3657 84,
866 3588 886 3659 3
917 3562 962 3638 cf.
993 3559 1106 3660 supra
1134 3590 1171 3661 p.
1206 3568 1264 3638 26.

502 3685 553 3760 ΙΙΙ
594 3688 656 3791 8ι,
688 3709 708 3780 3
734 3712 817 3785 sqq.
852 3686 1109 3762 describuntur
1133 3684 1274 3761 atrocia
1296 3685 1461 3761 facinora
1490 3713 1589 3785 quae

448 3834 471 3883 a
509 3807 675 3912 factione
715 3807 886 3908 populari
924 3809 960 3882 in
997 3806 1115 3883 insula
1157 3809 1323 3907 Corcyra
1360 3807 1588 3905 aliquamdiu

448 3913 772 4029 perpetrabantur,
811 3957 888 4029 quo
925 3930 1022 4024 loco,
1060 3956 1182 4028 aeque
1217 3956 1262 4005 ac
1290 3931 1327 4004 in
1355 3930 1588 4029 pestilentiae

449 4035 711 4152 descriptione,
736 4054 901 4130 conditio
914 4053 1103 4154 generalis
1118 4055 1343 4152 imperfectis
1358 4055 1586 4148 describitur,

449 4177 550 4258 sacta
590 4192 716 4251 autem
758 4177 961 4277 singularia
1003 4177 1149 4252 aoristis
1190 4193 1465 4253 memorantur:
1503 4181 1526 4276 ξ
1563 4179 1603 4274 4'

487 4421 514 4490 ι)
536 4422 577 4474 Cf.
605 4437 683 4488 supra
710 4437 737 4488 p.
763 4422 811 4488 263
838 4421 966 4487 imprimis
991 4420 1075 4472 refero
1098 4421 1132 4471 ad
1156 4420 1185 4471 id
1209 4420 1283 4487 quod
1307 4420 1405 4471 ibidem
1429 4419 1484 4471 dixi
1508 4420 1589 4472 multa

449 4509 600 4575 imperfecta
628 4524 694 4574 quae
722 4508 887 4573 descriptivis
911 4508 1081 4558 annumeravi
1105 4524 1190 4574 aequo
1213 4507 1270 4572 jure
1296 4524 1344 4574 pro
1369 4507 1496 4557 iterativis
1520 4507 1587 4576 (sive

448 4597 586 4665 durativis)
604 4598 696 4652 haberi
714 4611 801 4664 posse.

492 5404 959 5616 ΑΊ
