3726 5656
1042 582 1065 650 6

472 793 629 892 perfecti,
645 793 775 884 aoristi,
791 791 1124 890 plusquamperfecti
1137 789 1335 865 adhibetur.
1352 789 1434 864 Hoc
1447 790 1476 864 si
1489 815 1615 864 verum

473 932 540 1004 est,
570 918 647 1015 jam
683 915 902 1013 quaerimus:
940 914 1022 1012 quid
1049 915 1193 988 interest
1219 913 1307 987 inter
1334 914 1465 987 formas
1493 911 1616 1011 quales

474 1053 554 1112 sunt
580 1041 732 1141 ἐγίγνετο,
761 1038 881 1141 ἐγένετο
909 1037 1068 1140 ἐγεγένειῖ

525 1158 791 1259 Significationis
831 1159 1015 1232 discrimen
1056 1159 1205 1232 subesse
1245 1158 1375 1251 debet3
1414 1159 1514 1256 quod
1550 1157 1616 1230 dis-

477 1282 607 1356 crimen
639 1307 720 1354 cum
747 1281 921 1377 pertinere
949 1306 1020 1354 non
1046 1281 1159 1378 possit
1188 1280 1235 1354 ad
1261 1295 1445 1379 tempus
1472 1281 1616 1355 actionis

475 1403 597 1500 (tribus
633 1403 725 1478 enim
754 1401 815 1476 illis
842 1403 961 1476 formis
988 1403 1088 1476 verbi
1115 1402 1207 1476 actio
1234 1417 1398 1500 tempore
1425 1403 1616 1500 praeterito

475 1525 642 1623 ponitur),
675 1527 752 1624 jam
785 1525 943 1622 sequitur
970 1525 1121 1598 variis
1148 1523 1247 1598 illis
1274 1525 1434 1598 formis
1462 1525 1617 1598 varias

474 1646 613 1743 ipsius
635 1647 832 1721 actionis
854 1647 1157 1721 conditiones
1175 1645 1421 1745 significari
1440 1647 1613 1721 debere.

475 1767 585 1841 Porro
620 1765 727 1865 liquet
760 1768 855 1842 idem
889 1769 986 1866 quod
1017 1769 1161 1843 interest
1187 1767 1275 1842 inter
1301 1771 1468 1873 ἐγίγνετο.
1483 1769 1616 1872 ἐγένετο,

477 1890 613 1994 ἐγεγόνει
655 1891 763 1965 etiam
799 1885 969 1966 interesse
1009 1892 1145 1966 debere
1179 1891 1268 1965 inter
1305 1908 1444 1966 ceteras
1485 1892 1619 1966 formas

477 2037 571 2109 quae
599 2013 647 2086 ab
674 2013 798 2087 iisdem
824 2013 990 2088 thematis
1013 2013 1231 2087 derivantur:
1256 2020 1436 2118 γίγνωμαι,
1458 2010 1616 2119 γένωμοέι,

476 2132 617 2240 γεγονὼς
664 2125 711 2228 ἷνς
762 2144 949 2240 γιγνοίμην,
986 2142 1153 2239 γενοίμην,
1190 2133 1331 2239 γεγονὼς
1364 2145 1453 2229 tiam
1489 2143 1617 2239 γίγνου,

475 2265 583 2362 γενοῦ,
596 2255 740 2361 γογονῶς
756 2263 836 2351 ἴσθι;
851 2263 1028 2361 γίγνεσθαι,
1043 2258 1203 2361 γενέσθαι,
1219 2259 1383 2362 γεγονέναι
1394 2293 1403 2352 3
1413 2263 1616 2361 γιγνόμενος,

476 2379 658 2482 γενόμενος,
688 2381 838 2482 γεγονώς.
869 2381 960 2453 Inter
986 2380 1080 2453 viros
1107 2381 1235 2453 doctos
1257 2405 1350 2452 nunc
1372 2379 1457 2452 satis
1480 2395 1619 2454 constat

478 2500 622 2573 diversis
658 2501 824 2574 thematis
859 2501 1033 2598 (themate
1067 2502 1274 2598 praesentis,
1304 2502 1431 2591 amisti,
1459 2501 1618 2600 perfecti)

479 2621 638 2695 diversos
659 2637 772 2698 status
785 2623 859 2695 sive
872 2623 1006 2722 gradus
1019 2623 1163 2698 actionis
1175 2610 1324 2697 indicari.
1341 2608 1416 2697 Sed
1426 2625 1501 2722 jam
1515 2638 1619 2722 pater

478 2757 685 2841 syntaxeos
710 2743 920 2840 Apollonius
944 2744 1135 2842 Dyscolus‚
1161 2747 1207 2842 (e.
1232 2773 1270 2845 g.
1295 2752 1364 2850 περὶ
1381 2741 1561 2840 συντάξεως
1576 2746 1618 2818 ΙΠ

481 2867 543 2962 24)
565 2866 838 2962 quodammodo
859 2867 1009 2940 sensisse
1033 2867 1169 2940 videtur
1193 2867 1324 2940 formas
1347 2867 1464 2941 aoristi
1476 2881 1619 2965 praeter

476 2987 697 3062 indicativum
718 3014 788 3062 non
802 2989 952 3062 indicare
966 3006 1110 3087 tempus
1123 2989 1353 3087 praeteritum
1366 3023 1375 3082 ς
1392 3014 1619 3087 quamquam

479 3124 516 3183 ut
552 3125 697 3208 tempus
733 3127 770 3184 ct
796 3111 949 3210 gradum
976 3110 1130 3202 actionis,
1160 3137 1313 3207 quorum
1340 3111 1522 3184 discrimen
1548 3136 1619 3186 non

477 3257 619 3327 prorsus
633 3259 717 3306 eum
731 3233 828 3332 fugit,
844 3249 1047 3309 constanter
1060 3233 1272 3307 discerneret
1294 3233 1327 3309 ei
1340 3259 1410 3307 non
1424 3233 1569 3333 contigit
1577 3233 1615 3331 ¹).

481 3355 604 3453 Usque
627 3356 674 3428 ad
697 3356 876 3429 dimidium
899 3357 974 3430 sere
997 3355 1127 3430 saeculi
1150 3356 1247 3452 quod
1262 3372 1418 3430 nostrum
1433 3353 1620 3430 antecessit

479 3477 618 3552 suerunt
644 3478 704 3550 viri
732 3478 825 3552 docti
845 3478 903 3576 qui
924 3478 957 3550 in
979 3475 1122 3575 antiqua
1145 3478 1307 3575 opinione
1327 3479 1618 3575 perseverabant,

478 3597 575 3673 velut
602 3601 822 3673 Fruonrucus
850 3600 1104 3690 Tarnnscum5‚
1134 3601 1194 3698 qui
1216 3600 1250 3674 in
1271 3600 1480 3674 institutione
1502 3625 1619 3700 gram-

479 3722 609 3795 matica
644 3747 710 3795 sua
747 3721 902 3818 (Griech.
943 3722 1119 3813 Gramm,
1155 3721 1361 3822 vorzflglich
1389 3722 1454 3796 des
1480 3723 1618 3796 homer.

480 3841 573 3916 Dial.
603 3845 660 3917 ed.
692 3859 771 3918 tert.
808 3846 920 3941 1826)
948 3845 1176 3942 imperativos
1204 3843 1329 3943 quales
1356 3859 1436 3918 sunt
1463 3845 1621 3950 κάθηρον,

493 4057 689 4066 -—-—-——-

471 4176 475 4182 ’
518 4184 544 4250 1)
563 4183 604 4233 De
624 4198 676 4248 qua
692 4197 718 4231 re
737 4181 789 4231 vid.
809 4181 845 4230 H.
865 4180 1024 4230 Statu‘fflnn
1044 4180 1201 4231 Geschichte
1222 4181 1268 4230 der
1284 4179 1564 4246 Sprachwissenschast
1577 4182 1621 4231 bei

480 4271 531 4320 den
549 4270 679 4320 Griechen
696 4269 751 4318 und
766 4269 889 4334 Romern,
906 4267 947 4317 ed.
964 4268 1038 4332 prim.
1055 4283 1081 4332 p.
1098 4267 1255 4334 653—6573
1271 4268 1308 4316 H.
1324 4268 1458 4317 Mnurzan
1474 4269 1525 4318 Zur
1536 4269 1620 4318 Lehre

390 4383 392 4387 ν
475 4373 532 4407 νου
551 4357 602 4405 den
622 4356 757 4404 Aktionen
777 4356 831 4404 bes.
851 4355 887 4403 im
906 4355 1102 4421 Griechischen‚
1121 4355 1271 4420 Indogerm.
1290 4355 1396 4404 Forsch.
1417 4355 1494 4402 XVII
1510 4371 1536 4419 p.
1557 4367 1620 4422 1943

480 4445 510 4493 B.
536 4444 688 4492 Danaaiicx
714 4441 922 4506 Vergleichende
944 4441 1043 4504 Syntax
1062 4442 1108 4491 der
1127 4440 1391 4505 indogermanischen
1410 4440 1552 4507 Sprachen,
1572 4439 1622 4490 2t⁸¹

481 4529 540 4580 Teil
568 4528 643 4595 1897,
669 4529 778 4594 Kapitel
797 4529 861 4577 XVI
878 4527 1022 4594 (Tempora
1040 4529 1096 4578 und
1115 4527 1271 4596 Aktionen),
1290 4528 1318 4578 in
1338 4543 1391 4594 quo
1410 4529 1495 4595 capite
1513 4527 1622 4581 historia

481 4626 575 4668 nostrae
594 4617 755 4685 quaestionis
775 4617 922 4670 luculenter
940 4622 1071 4668 tractatur.
