1073 1552
465 212 499 230 ¹05

194 259 229 278 sed
244 266 289 278 casu
303 263 322 278 et
336 260 412 278 fortuito
426 260 490 279 evenit
504 263 524 278 ut
537 260 559 278 iis
573 259 618 279 locis
632 260 681 279 actio
696 260 763 279 iterata

194 290 308 315 designetur,
321 290 346 309 ita
358 294 378 309 ut
389 294 451 309 utrum
463 290 491 309 vis
502 290 631 315 exspectativa
644 297 668 309 an
676 291 704 310 vis
711 291 765 310 itera⁴

194 321 233 339 tiva
247 321 265 339 in
278 321 300 339 iis
314 321 426 346 imperfectis
438 321 548 346 praevaleat
559 321 662 346 dijudicare
674 328 711 340 non
724 328 765 346 pos·

194 351 256 370 simus.
275 352 320 370 Loci
337 355 381 370 sunt
397 352 425 370 hi:
441 352 467 370 IV
483 358 514 375 94,
531 358 540 370 2
556 351 661 372 καθεστώτων
675 351 691 372 δ’
704 353 720 375 ἐς
734 352 765 374 τὴν

193 381 240 405 τάξιν
252 384 280 402 καὶ
291 382 325 405 ἤδη
336 382 429 408 μελλόντων
440 382 518 406 ξυνιέναι,
528 382 635 409 Ἱπποκράτης
650 385 659 402 ὁ
673 383 765 409 στρατηγὸς

193 412 278 439 ἐπιπαριὼν
292 412 310 432 τὸ
323 412 430 439 στρατόπεδον
440 416 471 432 τῶν
481 412 572 436 Ἀθηναίων
585 412 734 439 παρεκελεύετό
748 421 764 433 τε

193 445 222 463 καὶ
236 443 292 469 ἔλεγε
305 443 369 463 wide:
384 443 493 468 imperfecta
507 443 612 468 significant
627 444 764 468 Hippocratem

193 478 238 493 ante
256 474 335 499 primam
353 475 413 493 aciem
430 474 508 493 diversis
526 474 572 493 locis
590 474 653 499 plures
670 475 764 493 orationes

193 504 211 523 in
230 505 310 524 eandem
328 505 440 524 sententiam
455 505 553 528 habuisse,
568 504 650 523 similiter
663 505 690 523 VI
705 506 736 529 67,
752 511 762 529 3

192 535 271 561 μέλλουσι
285 535 303 555 δὲ
316 538 350 559 τοῖς
364 534 454 559 Ἀθηναίοις
468 536 548 562 προτέροις
562 536 666 562 ἐπιχειρήσειν
680 537 690 555 ό
703 537 763 559 Νικίας

193 565 238 586 κατέ
249 574 266 586 τε
279 565 316 589 ἔθνη
330 566 416 593 ἐπιπαριὼν
430 565 491 586 ἕκαστα
505 568 533 586 καὶ
548 565 622 592 ξῦμπασι
636 565 690 586 τοιάδε
703 574 763 592 παρε-

192 595 296 616 κελεύετοτ
319 597 382 615 Nicias
403 597 421 615 in
439 597 519 616 eandem
538 596 649 615 sententiam
668 597 762 615 orationes

192 627 257 646 habuit
275 628 300 646 ad
317 628 401 647 diversas
419 628 514 652 copiarum
532 631 595 652 partes
614 631 633 646 et
651 631 719 652 postea
738 627 763 646 ad

192 658 293 677 exercitum
307 658 425 682 universum3
439 658 474 677 V11
489 664 520 682 44,
535 664 548 681 4
562 661 579 677 ol
591 666 607 677 τε
620 657 653 684 γὰρ
666 657 762 684 Συρακόσιοι

192 690 221 708 καὶ
239 690 254 709 οἱ
272 688 360 715 ξῦμμαχοι
379 691 474 715 κρατοῦντες
492 687 655 715 παρεκελεύοντό
673 696 689 708 τε
707 688 762 712 (inter

192 725 213 738 se
226 719 380 744 cohortabantur)
394 723 459 746 κραυγῇ
472 718 503 739 οὐκ
516 720 563 745 ὀλίγῃ
579 719 660 745 χρώμενοι
671 721 717 739 ndu:
730 719 762 737 irn-

192 750 276 774 persecto
289 749 413 777 παρεκελῃῖοντο
424 750 471 769 sicut
482 750 548 769 ceteris
562 756 638 774 quoque
649 749 762 774 imperfectis

192 787 241 805 quae
251 781 270 799 in
282 787 305 800 m
316 781 437 805 paragrapho
449 785 548 800 occurrunt
558 780 640 799 conditio
647 780 761 805 aliquamdiu

191 811 299 830 continuata
323 811 441 835 describitur,
467 817 490 830 ea
510 811 566 836 igitur
587 811 695 835 imperfecta
718 814 761 829 sunt

191 842 303 866 descriptiva
317 842 357 861 sive
370 842 461 861 iterativa.

218 872 289 891 Aoristi
306 872 380 891 indicat.
397 873 426 891 bis
437 872 530 891 invenitur
544 876 587 897 post
601 871 680 891 relatam
694 872 760 890 oratio-

191 909 234 922 nem
255 903 351 927 directam,
373 909 441 928 nempe
462 903 479 922 11
500 904 531 926 88,
556 909 563 922 1
587 903 661 927 (τοιαῦτα
681 902 711 929 μὲν
727 905 761 926 τοῖς

191 935 324 957 Πελῡποννησίοις
342 935 357 954 σι’
368 933 446 960 ἄρχοντες
460 933 651 961 παρεκελεῦσαντο)
668 937 687 952 et
701 939 733 957 90,
751 939 757 951 1

191 964 265 989 (τοιαῦια
278 964 297 984 δὲ
311 966 340 984 καὶ
354 966 363 984 ὁ
377 966 452 991 Φορμίων
464 963 651 991 παρεκελεύσατο),
665 970 704 988 quo
718 963 760 982 loco

191 994 231 1014 sine
244 995 302 1014 dubio
316 1002 358 1014 cum
372 995 466 1014 codicibus
479 995 496 1014 C
510 995 527 1014 E
537 995 556 1014 G
566 1001 606 1014 aor.
620 993 761 1021 παρεκελεύσατο

190 1025 282 1050 legendus
302 1030 337 1048 est,
359 1032 396 1045 non
417 1026 468 1051 impf.
490 1025 611 1052 παρεκελεῦετο
632 1025 683 1050 quod
704 1025 759 1044 codd.

191 1055 209 1074 A
227 1056 242 1074 Β
261 1056 276 1074 F
293 1056 314 1075 M
332 1056 421 1075 exhibent
442 1057 471 1081 (cs.
491 1056 518 1075 St.
536 1063 579 1075 ann.
599 1056 624 1075 ad
643 1056 659 1074 II
680 1061 710 1080 71,
732 1056 760 1080 1):

191 1086 282 1111 ejusmodi
301 1087 350 1105 enim
369 1087 414 1106 locis
432 1088 511 1106 verbum
525 1087 604 1110 dicendi,
618 1091 712 1111 quatenus
725 1087 761 1105 sub

190 1117 285 1136 indicativi
299 1117 359 1136 forma
373 1118 458 1141 occurrit,
472 1124 547 1142 semper
560 1117 666 1136 aoristicam
680 1117 760 1136 formam

190 1147 249 1166 induit
266 1148 312 1172 (aor.
332 1153 391 1168 const.
399 1149 418 1173 ¹).
438 1148 522 1173 Reliquis
540 1148 586 1167 locis
601 1155 640 1167 aur.
656 1152 700 1167 ante
714 1147 760 1167 rela-

209 1217 223 1235 ι)
231 1218 248 1231 de
257 1222 284 1234 qua
293 1221 306 1230 η
316 1217 375 1234 pluribus
384 1217 418 1230 znsn
427 1217 434 1234 5
444 1221 467 1230 n.

705 1245 719 1255 11
