3770 5662
984 578 1052 627 122

442 771 501 857 τὴν
537 770 676 849 ἐπίνοιαν
704 776 770 860 τοῖς
796 763 1002 873 Ἀκαρνᾶσιν,
1031 770 1075 859 ὡς
1102 763 1146 844 οὐ
1173 765 1483 872 προσεδέξαντο
1512 772 1585 844 κτλ.

443 891 465 966 i.
483 917 516 968 e.
550 917 657 980 „cum
684 887 876 965 consilium
904 889 985 987 ejus
1015 913 1090 962 non
1118 887 1362 987 probarent'',
1398 913 1474 985 quo
1502 883 1587 963 loco

446 1012 495 1088 nil
530 1013 599 1088 nisi
635 1012 672 1087 id
700 1012 803 1110 quod
832 1011 1054 1086 Acarnanes
1081 1008 1198 1085 libero
1228 1009 1384 1085 consilio
1413 1036 1459 1085 ea
1489 1035 1588 1109 quae

446 1135 726 1211 Demosthenes
761 1133 956 1232 proposuit
992 1132 1250 1230 improbarunt
1278 1133 1487 1209 constative
1515 1133 1586 1232 sig-

448 1258 629 1351 nificatur,
667 1257 891 1356 repugnatio
929 1255 1172 1352 („resistance
1200 1270 1240 1330 to
1269 1255 1482 1354 pressure”)
1512 1280 1588 1329 non

449 1381 684 1480 exprimitur,
726 1379 858 1454 ceteris
899 1377 989 1452 Iocis
1027 1377 1162 1477 quibus
1197 1377 1273 1454 ind.
1312 1403 1390 1454 aor.
1431 1377 1590 1452 occurrit

450 1503 499 1600 (II
542 1523 603 1598 70,
640 1526 683 1596 ²3
709 1501 763 1575 IV
797 1508 882 1594 106,
915 1525 958 1595 ο,
987 1501 1023 1573 V
1055 1504 1116 1596 78,
1151 1526 1191 1594 τ,
1220 1501 1309 1575 VIII
1341 1507 1375 1595 6,
1409 1502 1445 1598 3)
1475 1525 1589 1599 nega·

451 1626 503 1700 tio
531 1626 650 1700 abest.

505 1746 621 1822 Verbi
661 1745 836 1845 simplicis
869 1746 1070 1852 δέχεσθαι
1112 1772 1264 1845 quoque
1305 1746 1409 1845 impf.
1453 1746 1590 1820 eodem

452 1869 567 1944 modo
617 1884 814 1967 usurpatur
856 1869 907 1942 III
926 1856 934 1866 ¹
952 1875 1013 1962 64,
1060 1894 1079 1964 3
1121 1869 1181 1957 τὴν
1222 1876 1407 1949 τελευταίαν
1448 1900 1480 1946 τε
1521 1869 1593 1972 πρὶν

452 1997 711 2100 περιτετχιζεσθαι
752 1991 931 2097 πρόκλησιν
972 1995 1004 2085 ἐς
1037 1997 1184 2097 ἡσυχίαν
1212 2037 1263 2048 -
1292 1988 1364 2071 οὐκ
1400 1993 1415 2068 ε’
1422 1991 1595 2096 δέχεσθε

459 2115 651 2215 ,accipere
685 2113 953 2191 recusabatis‘'.
992 2114 1174 2213 Ejusdem
1211 2115 1317 2190 verbi
1346 2113 1448 2214 impi.
1480 2137 1593 2212 nega-

454 2238 556 2313 tione
592 2236 740 2338 adjecta
777 2263 889 2312 sensu
923 2237 1076 2336 proprio
1105 2237 1250 2335 („urbe,
1280 2237 1477 2312 moenibus
1505 2233 1594 2310 reci·

455 2385 544 2460 pere
580 2357 794 2456 recusare”)
832 2375 1031 2459 usurpatur
1067 2355 1169 2435 hisce
1206 2358 1316 2435 Iocis:
1353 2359 1406 2432 VI
1446 2380 1507 2454 50,
1551 2381 1595 2452 33

460 2503 523 2580 51,
560 2508 596 2577 13
628 2505 690 2578 52,
725 2508 766 2576 13
797 2489 857 2574 62,
891 2508 934 2577 23
962 2483 1051 2556 VIII
1087 2503 1145 2578 17,
1178 2507 1212 2578 3.

509 2606 626 2680 Porro
639 2606 711 2680 huc
725 2605 912 2704 pertinent
926 2606 948 2678 ii
963 2603 1034 2679 ioci
1050 2606 1184 2704 quibus
1198 2605 1302 2682 verbi
1320 2612 1596 2711 προσχωρεῖν,

458 2753 505 2803 ea
542 2727 814 2828 significatione
841 2753 940 2826 quae
968 2744 1026 2803 est
1059 2729 1130 2824 ,ad
1157 2727 1311 2828 aiicujus
1339 2743 1465 2827 partes
1493 2753 1596 2802 acce-

457 2851 586 2940 dere’',
623 2877 684 2946 ,se
712 2850 850 2927 dedere
878 2850 1023 2944 alicui'’,
1052 2851 1272 2950 imperfecto
1300 2853 1504 2951 negatione
1532 2851 1596 2925 ad-

454 2976 585 3076 juncta
621 2975 722 3050 irrita
758 3001 887 3050 eorum
917 2973 979 3071 qui
1007 2975 1237 3049 deditionem
1265 2975 1345 3049 sive
1378 2975 1598 3049 societatem

458 3099 618 3173 suadent
655 3098 852 3172 conamina
890 3097 1157 3191 describuntur,
1194 3124 1352 3197 nempe:
1391 3099 1444 3171 III
1485 3117 1518 3192 7,
1552 3119 1596 3192 53

462 3225 523 3315 88,
563 3245 606 3314 43
647 3245 709 3315 91,
751 3244 794 3316 3;
832 3220 924 3294 VIII
963 3226 1025 3310 62,
1064 3245 1107 3316 33
1152 3246 1237 3317 103,
1283 3246 1313 3313 1,
1345 3221 1480 3318 quibus
1507 3216 1627 3294 locis.

461 3343 766 3418 annumerandus
799 3357 857 3416 est
892 3340 996 3416 Iocus
1034 3343 1068 3415 II
1109 3349 1170 3435 66,
1211 3369 1229 3416 2
1270 3342 1377 3430 ἐπειδὴ
1416 3339 1459 3421 οὐ
1488 3349 1602 3437 ξυνε·

460 3462 620 3571 χῶρουν
654 3464 713 3561 (=
740 3461 778 3542 oi
811 3463 1061 3571 προσεχώρουν).
1093 3465 1235 3540 Aoristi
1266 3465 1339 3540 ind.
1370 3491 1456 3540 cum
1488 3490 1602 3563 nega·

461 3589 563 3663 tione
599 3585 818 3685 conjunctus
851 3612 926 3662 non
963 3585 1149 3663 invenitur
1185 3588 1252 3663 nisi
1290 3590 1341 3662 III
1381 3613 1466 3681 102,
1502 3615 1516 3662 1
1551 3633 1603 3646 -

463 3715 521 3791 καὶ
542 3709 753 3817 πορευόμενος
777 3715 920 3791 Οἰνεῶνα
942 3715 1026 3816 αἱρεῖ
1044 3707 1232 3791 αὐτῶνκαὶ
1257 3708 1441 3791 Εὐποίλιον·
1472 3708 1605 3816 οὐγὰρ

461 3833 811 3939 προσεχώρησαν,
834 3833 896 3908 ubi
919 3858 998 3908 aor.
1017 3831 1095 3907 vim
1117 3832 1231 3908 habet
1254 3832 1433 3932 pqufecti
1459 3833 1603 3910 Latini:

469 3956 715 4048 „Oeneonem
749 3971 788 4031 et
823 3954 1021 4055 Eupalium
1050 3954 1087 4030 vi
1116 3956 1214 4054 cepit
1243 3956 1528 4056 (Eurylochus),
1558 3983 1604 4032 ea

467 4079 566 4156 enim
616 4078 757 4176 oppida
806 4078 973 4176 partibus
1014 4077 1096 4176 ejus
1138 4104 1186 4152 se
1227 4077 1360 4153 ultro
1389 4105 1481 4154 non
1523 4080 1606 4154 ad·

461 4199 760 4301 junxerant”.
791 4201 936 4276 Ceteris
962 4197 1054 4273 Iocis
1083 4200 1218 4297 quibus
1245 4201 1372 4276 aoristi
1402 4201 1475 4276 ind.
1502 4217 1606 4277 extat

467 4325 497 4422 (Ι
537 4343 598 4418 74,
639 4349 685 4417 43
728 4347 812 4417 103,
851 4346 894 4417 ετ
939 4342 1023 4419 117,
1064 4347 1107 4417 3³
1145 4323 1606 4419 11161‚2;90.4;1V

474 4466 559 4543 1072
598 4470 642 4540 33
686 4469 771 4536 109,
810 4467 852 4538 53
897 4469 981 4539 1²31
1027 4470 1064 4537 1i
1102 4445 1138 4518 V
1179 4471 1239 4540 ²9³
1275 4471 1314 4541 1i
1343 4447 1436 4520 VIII
1469 4472 1530 4542 23²
1562 4453 1607 4542 ὁὶ

469 4595 532 4663 44,
567 4570 602 4666 2)
632 4567 785 4666 negatio
815 4568 933 4642 abest.
