3770 5662
875 583 925 654 86

385 796 400 869 I
448 818 532 890 105,
578 801 600 869 6
642 801 699 874 καί
739 798 769 873 οἱ
808 793 868 899 μὲν
911 791 1072 884 Ἀθηναῖοι
1092 837 1144 850 -·-
1164 791 1367 874 ἀπελθόντων
1407 808 1471 874 τῶν

332 924 504 1023 Κορινθίων
525 927 675 1023 τροπαῖον
695 915 833 1010 ἔστησαν
848 941 855 957 ·
878 921 908 996 οἱ
922 916 958 996 tt
975 923 1132 1023 Κορίνθιοι
1147 961 1200 972 -
1215 916 1471 997 οίνθίστασαν

330 1049 479 1144 τροπαῖον
521 1046 578 1119 καί
620 1037 710 1118 αὐτοὶ
751 1045 795 1133 ὡς
837 1042 1026 1132 νικήσαντες
1067 1047 1138 1117 κτλ.
1181 1040 1204 1114 i.
1229 1065 1262 1114 e.
1306 1054 1366 1134 „et
1401 1040 1472 1136 ipsi

330 1175 527 1259 tropaeum
565 1161 748 1260 erigere
777 1161 1113 1250 conabantur'',
1143 1186 1257 1259 quam
1286 1162 1471 1236 actionem

332 1309 407 1357 non
436 1308 519 1358 esse
547 1281 760 1358 absolutam
787 1299 947 1382 apparet
975 1309 1023 1358 ex
1051 1283 1094 1356 iis
1123 1308 1222 1382 quae
1246 1298 1471 1381 sequuntur:

331 1409 392 1484 καί
423 1410 452 1484 οἱ
488 1401 650 1495 Ἀθηναῖοι
692 1408 950 1512 ἐκβοηθήσαντες
979 1449 1030 1460 -
1058 1403 1132 1499 τοῦς
1173 1438 1205 1484 τε
1245 1407 1280 1485 τὸ
1322 1416 1471 1511 τροπαῖον

332 1524 527 1620 ἱστάντας
568 1528 604 1624 (i.
635 1553 667 1603 e.
711 1528 894 1625 erigere
932 1543 1174 1603 conantes:
1214 1542 1309 1626 part.
1348 1552 1470 1627 praes.

331 1649 380 1722 de
408 1652 559 1747 conatu)
583 1652 796 1756 διαφθείρουσι
824 1655 895 1728 κτλ.
953 1667 958 1676 “

390 1795 476 1865 134,
518 1796 531 1844 1
572 1777 715 1876 βεβαίως
750 1771 788 1850 δὲ
824 1770 890 1862 iiia
928 1771 1046 1866 εἰθίτες
1075 1773 1141 1870 (sc.
1171 1777 1201 1851 οἱ
1228 1769 1345 1878 ίροροτ)
1373 1775 1405 1851 ἐν
1431 1786 1473 1876 τῇ

331 1894 420 1973 πόλει
453 1892 512 1980 τήν
546 1889 754 1998 ξήλληψιν
791 1895 1003 1972 ἐποιοῦντο
1043 1895 1064 1969 i.
1091 1920 1124 1968 e.
1161 1894 1198 1969 id
1233 1895 1402 1992 agebant
1433 1910 1474 1969 ut

332 2015 585 2114 (Pausaniam)
621 2015 1003 2112 comprehenderent3
1043 2042 1141 2116 quae
1168 2015 1367 2092 conamina
1393 2033 1473 2092 tum

332 2137 432 2211 irrita
468 2139 633 2214 evasisse
669 2154 828 2237 apparet
865 2164 912 2212 ex
946 2138 989 2212 iis
1022 2166 1120 2238 quae
1134 2140 1354 2238 'sequuntur
1383 2141 1420 2238 (ᾖ
1451 2165 1469 2213 2

332 2263 362 2338 οἱ
388 2258 424 2338 δὲ
451 2262 486 2338 τὸ
512 2267 700 2364 παραυτίκα
726 2259 786 2364 μὲν
814 2260 993 2364 ὑστέρησαν
1021 2276 1062 2369 τῇ
1088 2260 1196 2355 truta
1224 2264 1325 2359 κτλ).

387 2383 421 2457 ΙΙ
475 2409 536 2476 29,
589 2408 613 2475 4
659 2371 696 2460 ob
738 2381 781 2469 δή
826 2381 905 2460 ’ὄντα
944 2384 998 2461 τὸν
1039 2380 1200 2473 Σττοίλκην
1242 2387 1272 2462 οἱ
1310 2379 1474 2474 Ἀθηναῖοι

332 2501 515 2610 ξύμμαχον
557 2510 769 2584 ἐποιοῦντο
809 2505 882 2579 ie.
926 2503 970 2578 id
1011 2506 1214 2603 agebant
1256 2521 1296 2581 ut
1332 2506 1474 2580 socium

334 2629 595 2720 adsciscerent,
633 2626 770 2702 scilicet
808 2627 1084 2724 Nymphodoro
1113 2653 1135 2701 e
1162 2627 1325 2703 Thracia
1355 2653 1474 2703 arces-

333 2753 451 2828 sendo
489 2751 589 2848 (ibid.
628 2752 652 2847 g
695 2753 749 2848 ι);
787 2751 823 2824 in
862 2751 905 2824 iis
942 2750 1095 2825 demum
1133 2777 1231 2850 quae
1268 2767 1476 2849 sequuntur

334 2878 372 2973 (ξ
411 2880 449 2972 5)
476 2874 697 2949 societatem
724 2898 765 2948 re
794 2898 884 2948 vera
913 2898 996 2948 esse
1024 2889 1256 2950 contractam
1284 2875 1476 2950 nuntiatur

334 2998 492 3073 aoristo:
544 3004 563 3074 ὁ
609 2996 833 3103 Νυμφόδωρος
883 3003 1083 3101 ξυμμαχίαν
1126 2999 1301 3087 ἐποίησε.
1346 2998 1475 3092 Quare

334 3119 536 3196 rectissime
577 3118 752 3216 Steupius
793 3119 913 3218 (cujus
954 3144 1040 3192 ann.
1084 3119 1133 3193 ad
1174 3117 1198 3194 l.
1222 3117 1244 3194 l.
1288 3119 1475 3216 videatur)

334 3260 372 3319 et
414 3242 562 3317 Hudius
602 3242 861 3339 imperfectum
897 3244 1069 3335 motorium,
1107 3241 1209 3338 quod
1244 3242 1328 3317 cod.
1368 3242 1400 3316 C
1437 3256 1475 3316 et

333 3393 380 3442 ex
407 3366 637 3441 correctione
666 3390 799 3440 manus
827 3365 970 3461 primae
994 3364 1076 3438 cod.
1104 3363 1140 3438 G
1163 3364 1353 3459 exhibent,
1376 3390 1475 3440 rece·

334 3503 468 3587 perunt
509 3502 639 3562 contra
681 3503 825 3562 ceteros
866 3488 1025 3575 codices,
1070 3487 1132 3584 qui
1168 3512 1246 3562 aor.
1285 3488 1474 3576 ἐποιήσαντο

334 3613 463 3710 (quern
494 3610 619 3684 Herw.
649 3611 802 3709 recepit)
831 3611 1025 3708 praebent.

387 3731 543 3809 Paulum
584 3733 733 3807 diversa
773 3748 831 3807 est
867 3731 1089 3830 significatio
1126 3732 1334 3830 imperfecti
1372 3732 1474 3831 quod

334 3857 382 3932 de
410 3856 545 3930 eadem
573 3855 752 3930 societate
780 3869 978 3952 usurpatur
1007 3855 1041 3927 ΙΙ
1071 3877 1134 3950 95,
1166 3881 1209 3929 2:
1239 3864 1304 3948 τοῖς
1330 3887 1362 3932 τε
1384 3852 1475 3946 Ἀθη·

334 3987 436 4072 ναίοις
479 3974 575 4070 αὐτὸς
616 3979 834 4081 ὡμολογήκει,
877 3978 927 4055 ἔτι
965 3977 1024 4064 τήν
1059 3984 1261 4083 ξυμμαχίαν
1299 3980 1474 4058 ἐποιεῖτο

335 4102 371 4199 (i.
408 4126 440 4175 e.
496 4126 615 4195 „cum
664 4101 718 4175 de
767 4100 1004 4174 societate
1056 4099 1289 4198 agebat'’),
1330 4099 1385 4178 τὸν
1426 4103 1474 4180 ἐπὶ

335 4220 471 4328 Θρᾴκης
485 4266 537 4278 -
551 4223 691 4327 πόλεμον
720 4217 937 4317 καταλύσεως
967 4222 1103 4298 eodem
1133 4223 1210 4298 fere
1232 4222 1346 4297 modo
1370 4223 1472 4321 impf.

334 4361 532 4444 usurpatur
583 4344 637 4418 IV
689 4367 773 4440 105,
820 4369 838 4416 2
883 4351 940 4424 καί
982 4344 1041 4433 τήν
1083 4340 1302 4451 ξύμβασιν
1343 4351 1475 4451 μετρίαν

335 4473 505 4548 ἐποιεῖτο
532 4468 554 4541 i.
579 4492 611 4541 e.
642 4492 800 4565 pacem
829 4467 959 4564 aequis
988 4467 1266 4541 condicionibus
1288 4466 1473 4559 obtulit,

336 4617 450 4690 quam
491 4616 625 4690 pacem
666 4590 804 4666 factam
846 4615 929 4666 esse
971 4591 1116 4666 aoristis
1158 4589 1384 4689 significatur
1426 4592 1471 4688 (c.

861 4896 958 4975 ²*
