3726 5656
986 573 1035 646 30

440 765 579 841 cadunt
615 767 733 841 verba
771 761 1039 855 accusandi,
1076 760 1180 838 velut
1213 765 1421 867 ἐγκαλεῖν,
1454 767 1581 843 αἰτιοῖ·

439 894 548 982 σθαι,
572 889 706 986 quibus
734 912 856 985 aeque
883 886 1023 984 petitio,
1053 885 1121 960 sed
1148 911 1260 959 sensu
1282 883 1478 977 translato,
1507 883 1579 983 sig·
1617 948 1621 954 .

441 1009 620 1085 nificatur.
654 1009 726 1099 His
753 1007 980 1106 imperfectis
1007 1006 1126 1081 lector
1154 1023 1338 1101 monetur,
1368 1023 1409 1081 ut
1437 1007 1580 1082 tamdiu

441 1133 627 1208 actionem
665 1131 817 1230 petendi
854 1130 980 1205 animo
1017 1129 1201 1224 attendat,
1240 1129 1329 1203 dum
1365 1129 1422 1203 de·
1442 1136 1581 1203 eventu
1649 1129 1653 1137 '

439 1254 629 1353 petitionis
657 1253 792 1328 certior
819 1253 896 1328 fiat.

493 1375 661 1453 Tertium
696 1376 800 1474 quod
836 1377 908 1449 huc
945 1374 1106 1473 pertinet
1141 1399 1262 1474 genus
1298 1373 1506 1472 imperfecti
1539 1374 1582 1448 iis

440 1499 531 1576 Iocis
559 1500 728 1590 occurrit,
754 1497 888 1597 quibus
911 1497 1182 1595 imperfectum,
1208 1511 1248 1571 ut
1261 1497 1313 1571 ita
1328 1496 1462 1589 dicam,
1479 1522 1582 1600 mere

441 1622 649 1721 paratatice
675 1636 895 1719 usurpatum
924 1634 992 1712 est,
1022 1619 1044 1693 i.
1062 1644 1094 1693 e.
1125 1620 1312 1718 quando
1341 1619 1581 1718 imperfec-

441 1760 488 1819 to
524 1743 702 1818 animus
739 1741 935 1816 lectoris
973 1763 1060 1814 non
1091 1741 1147 1816 ad
1174 1741 1321 1839 ipsam
1350 1741 1582 1816 actionem
1692 1765 1694 1770 ’

443 1865 718 1957 attenditur,
754 1863 835 1938 sed
863 1863 948 1937 hoc
977 1862 1292 1939 tantummodo
1319 1860 1470 1938 lector
1498 1889 1582 1937 mo-

431 2003 589 2080 netur,
633 2001 882 2086 antequam
918 1985 976 2060 ad
1006 1984 1133 2061 aliud
1170 1985 1280 2085 quid
1316 2011 1583 2061 commemo-

442 2111 636 2187 randum
693 2123 970 2200 transeatur,
1019 2108 1167 2182 adhuc
1215 2107 1405 2206 aliquid,
1461 2108 1582 2207 quod

444 2233 789 2334 quodammodo
817 2257 915 2305 cum
943 2231 1074 2305 verbi
1103 2231 1290 2306 actione
1314 2231 1596 2323 cohaereat,-

443 2372 745 2433 memoratum
780 2354 846 2430 iri.
884 2352 1058 2451 Exempli
1095 2353 1218 2452 gratia
1251 2353 1368 2428 affero
1397 2353 1488 2427 VIII
1520 2358 1581 2449 85,

450 2506 488 2554 1:
518 2485 537 2557 ὁ
563 2476 600 2557 δὲ
628 2473 802 2582 Ἀστύοχος
831 2474 1012 2569 οέπέπλεις
1038 2491 1125 2574 post
1151 2473 1362 2572 longiorem
1386 2475 1594 2575 digressio·⁴

442 2627 542 2695 nem,
581 2626 656 2698 qua
690 2625 749 2673 res
784 2591 983 2674 narrantur
1017 2624 1116 2696 quae
1153 2598 1202 2673 ad
1239 2598 1359 2696 ipsam
1396 2599 1584 2674 actionem

442 2733 498 2804 τοῦ
526 2722 679 2803 α’ποπλεῖν
705 2747 781 2796 non
810 2722 997 2820 pertinent
1024 2722 1092 2796 sed
1119 2720 1239 2796 laxius
1267 2747 1352 2796 cum
1380 2748 1427 2798 ea
1450 2723 1584 2797 cohae-

442 2861 537 2936 rent,
561 2844 728 2944 sequitur
751 2846 788 2942 (ἓ
803 2847 861 2943 4);
877 2852 896 2923 o‘
908 2843 969 2949 μέν
983 2830 1041 2922 οἷον
1056 2839 1232 2950 Ἀστύοχος
1247 2850 1304 2924 καὶ
1318 2849 1348 2924 οἱ
1363 2848 1517 2933 Μιλήσιοι
1532 2890 1584 2901 -

444 2969 706 3049 ἀπέπλευσαν
729 2969 760 3060 ἐς
781 2967 841 3055 τὴν
864 2969 1118 3072 Λακεδαίμονα.
1141 2967 1404 3065 Imperfectum
1419 2984 1458 3043 et
1472 2969 1585 3044 aoris-

443 3107 503 3167 tus
539 3090 687 3189 (α’πέπλει
710 3133 763 3146 --
791 3088 1010 3189 ἀπέπλευσαν)
1040 3090 1142 3187 quod
1171 3090 1220 3165 ad
1247 3092 1367 3189 ipsam
1397 3091 1583 3167 actionem

441 3224 499 3295 τοῦ
526 3213 680 3295 οἷποπλεῖν
708 3212 853 3304 attinet,
882 3237 1034 3310 prorsus
1062 3213 1161 3287 idem
1190 3212 1421 3311 significant,
1451 3214 1584 3312 imper·

443 3338 540 3413 fecto
570 3351 696 3412 autem
724 3334 955 3434 significatur
983 3336 1235 3411 narrationem
1264 3337 1312 3411 de
1340 3363 1386 3413 ea
1415 3363 1456 3412 re
1484 3362 1583 3435 quae

443 3475 624 3535 tractatur
658 3484 734 3533 non
771 3459 823 3534 ita
855 3483 939 3532 esse
966 3458 1190 3550 absolutam,
1221 3475 1262 3534 ut
1284 3460 1365 3559 jam
1394 3459 1443 3535 ad
1472 3460 1584 3535 aliam

444 3609 523 3658 rem
560 3581 729 3680 scriptori
766 3581 924 3657 transire
961 3579 1082 3656 liceat.
1124 3581 1352 3681 Hujusmodi
1379 3583 1492 3682 igitur
1520 3584 1583 3657 im·

444 3704 648 3804 perfectum
678 3703 958 3778 attentivum
982 3729 1092 3793 voco,
1123 3705 1144 3778 i.
1161 3729 1194 3780 e.
1224 3705 1481 3803 imperfectum
1507 3693 1582 3804 quo

445 3825 533 3902 nihil
554 3825 622 3900 nisi
642 3825 788 3900 animus
811 3824 960 3900 lectoris
981 3827 1184 3901 attenditur
1207 3828 1256 3903 ad
1280 3851 1365 3903 eam
1389 3854 1469 3903 rem
1485 3854 1584 3926 quae

444 3964 636 4038 tractatur,
662 3973 737 4022 non
767 3948 816 4022 ad
845 3948 965 4045 ipsam
992 3949 1098 4024 verbi
1126 3950 1325 4025 actionem.
1508 3951 1513 3958 ’

498 4070 696 4146 Peculiaris
736 4069 944 4169 imperfecti
980 4097 1068 4145 usus
1106 4087 1174 4166 est,
1212 4072 1274 4146 ubi
1311 4069 1448 4171 legitur
1484 4099 1583 4148 curn

445 4195 701 4293 negatione
751 4194 1051 4293 conjunctum
1091 4196 1275 4296 ejusmodi
1316 4193 1407 4270 locis
1449 4196 1585 4294 quibus

445 4317 623 4394 aoristum
639 4330 912 4414 exspectamus,
928 4314 1032 4392 velut
1048 4319 1062 4391 I
1081 4324 1142 4414 65,
1166 4344 1178 4392 1
1200 4323 1243 4411 ὡς
1264 4314 1373 4398 δὀὐκ
1393 4315 1517 4398 ἔπειθε
1532 4363 1584 4374 --

444 4437 583 4520 ἔκπλουν
603 4449 755 4519 ποιεῖταιε
780 4465 865 4514 cum
888 4438 947 4512 hic
971 4439 1110 4539 aliquid
1125 4439 1338 4516 absolutum
1354 4457 1584 4516 memoretur

444 4562 558 4662 („hoc
608 4577 692 4636 cum
735 4560 963 4660 persuadere
1004 4588 1079 4638 non
1121 4562 1358 4664 potuisset''),
1403 4564 1582 4640 aoristum
