3770 5662
999 576 1072 647 104

399 805 401 809 ·
464 770 558 842 λοντο
591 768 620 842 οἱ
656 765 808 870 παρόντες
840 779 903 842 τών
932 769 1225 870 Λακεδαιμονίων;
1253 765 1381 841 tertius
1408 763 1513 841 locus
1541 781 1608 842 est.

462 887 555 960 VIII
586 892 647 981 69,
681 911 699 959 2
729 883 804 979 τοὺς
833 885 893 990 μὲν
920 886 969 992 μὴ
999 887 1186 981 ξυνειδότας
1215 897 1358 968 εἴασαν
1383 934 1435 944 -
1456 889 1607 969 ἀπελθεῖν

470 1011 594 1104 „abire
621 1009 722 1108 passi
752 1008 876 1097 sunt”,
908 1010 970 1083 ubi
999 1009 1088 1084 item
1113 1010 1252 1086 aoristo
1276 1009 1415 1109 aliquid
1437 1036 1605 1087 momen·

463 1149 616 1208 taneum
644 1131 901 1231 significatur.)

517 1256 641 1332 Etiam
679 1254 875 1329 locutionis
912 1254 1082 1360 γνώμην
1110 1262 1317 1336 ποιεῖσθαι
1346 1256 1604 1355 imperfectum

464 1379 566 1477 quod
603 1376 739 1476 legitur
776 1376 847 1449 VII
888 1396 948 1472 72,
988 1401 1007 1472 3
1046 1378 1267 1481 (Δημοσθένης
1295 1384 1397 1482 Νικίᾳ
1424 1375 1603 1484 προσελθών
1693 1417 1701 1436 ·

462 1499 633 1604 γνώμην
663 1502 839 1578 ἐποιεῖτο
860 1544 912 1554 -
932 1497 1113 1604 βιοίσαοθαι
1135 1500 1190 1578 τόν
1214 1497 1367 1599 ίκπλουν)
1390 1502 1427 1575 vi
1451 1526 1604 1600 exspec-

462 1624 581 1700 tativa
608 1622 822 1722 praeditum
852 1636 927 1697 est:
962 1621 1206 1717 „suadebat’'‚
1241 1637 1394 1712 „auctor
1417 1624 1450 1698 ei
1474 1622 1603 1719 erat'';

462 1746 540 1822 fere
576 1746 675 1819 idem
707 1742 811 1819 valet
847 1745 949 1842 quod
977 1747 1120 1840 ἐκέλευες
1149 1745 1206 1820 cui
1235 1746 1428 1821 monitioni
1457 1747 1603 1821 Niciam

462 1866 783 1964 obtemperavisse
811 1882 970 1964 apparet
998 1892 1044 1940 ex
1073 1867 1115 1940 iis
1138 1894 1236 1966 quae
1259 1883 1467 1965 sequuntur
1489 1870 1528 1965 (ἓ
1542 1872 1600 1968 4):

462 1999 518 2070 καὶ
555 1997 804 2095 ξυγχωροῦντας
834 1996 948 2068 Νικίου
977 2003 1017 2091 τῇ
1045 1989 1164 2096 γνώμη
1192 1997 1265 2068 κτλ.
1296 1991 1448 2087 (Differt
1475 2007 1601 2065 autem

461 2112 733 2212 significatione
761 2110 865 2209 imps.
896 2112 999 2210 quod
1026 2112 1185 2186 occurrit
1213 2113 1263 2185 III
1295 2119 1357 2206 36,
1390 2138 1408 2186 2
1439 2121 1599 2218 περὶτῶν

460 2236 592 2341 οίνόρών
620 2234 789 2339 γνώμας
818 2237 1030 2313 ἐποιοῦντο
1059 2235 1080 2308 i.
1098 2260 1130 2308 e.
1160 2233 1420 2309 deliberabant
1442 2232 1602 2341 [Ξέβον-

461 2353 623 2460 λεόοντο]ς
659 2354 768 2431 aliter
804 2355 917 2430 etiam
956 2355 1211 2454 accipiendum
1254 2372 1312 2432 est
1352 2355 1455 2455 impf.
1499 2359 1601 2454 quod

461 2480 642 2578 reperitur
677 2478 711 2551 II
745 2503 833 2573 2‚4
870 2477 1038 2582 γνώμην
1079 2477 1116 2556 δὲ
1157 2481 1369 2557 ἐποιοῦντο
1411 2475 1601 2585 κηρύγμασι

460 2605 648 2709 χρήσασθαι
689 2603 875 2692 ἐπιτηδείοις
915 2601 937 2674 i.
963 2625 996 2674 e.
1041 2599 1255 2690 „consilium
1292 2601 1451 2676 inierunt
1487 2601 1598 2697 etc.’',

461 2749 537 2820 quo
560 2720 778 2820 imperfecto
802 2720 915 2795 etiam
939 2719 1227 2797 deliberationes
1252 2749 1350 2821 quae
1367 2724 1497 2798 initum
1513 2749 1599 2798 con-

460 2844 579 2920 silium
616 2860 899 2942 praecesserunt
935 2844 1133 2943 significari
1167 2846 1357 2941 videntur3
1393 2846 1601 2946 perfectum

461 2994 543 3044 esse
580 2966 668 3041 illud
705 2968 937 3065 propositum
975 2969 1018 3042 iis
1055 2994 1153 3066 quae
1190 2985 1396 3066 sequuntur
1425 2971 1598 3046 refertur:

460 3092 517 3170 καὶ
546 3088 670 3168 οίνεῖπεν
698 3097 717 3166 ὁ
744 3097 851 3194 κῆρυξ
879 3093 967 3189 κτλ.)

514 3212 695 3312 Ejusdem
729 3213 879 3310 generis
914 3227 972 3288 est
1009 3213 1216 3312 imperfecti
1248 3241 1337 3289 usus
1364 3215 1401 3288 in
1429 3241 1476 3290 ea
1503 3214 1601 3291 locu-

459 3335 562 3410 tione
591 3360 689 3432 quae
717 3349 775 3409 est
802 3336 906 3413 ἰέναι
935 3337 973 3429 ἐς
1001 3336 1170 3439 λόγους,
1210 3338 1312 3434 quod
1341 3337 1600 3435 imperfectum

458 3456 595 3557 legitur
632 3457 685 3529 III
721 3460 783 3548 80,
828 3480 841 3529 1
882 3460 1043 3561 όόνῖμος
1070 3473 1133 3535 τῶν
1163 3465 1367 3565 Κερκυραίων
1396 3503 1449 3514 -
1476 3469 1541 3554 τοῖς
1568 3493 1601 3539 τε

459 3581 579 3672 ἱκέταις
607 3573 628 3684 ἦ
637 3611 716 3660 σαν
744 3580 781 3671 ἐς
810 3579 961 3682 λόγους
989 3585 1140 3673 καὶτοῖς
1169 3576 1282 3674 ἄλλοις
1309 3580 1394 3675 όπνς
1422 3584 1601 3668 σωθήσεται

459 3707 481 3788 η’
516 3703 608 3795 πόλις
649 3701 970 3792 „adhortabantur
1006 3717 1048 3777 ut
1085 3718 1258 3776 curarent
1295 3717 1423 3778 utres
1451 3703 1600 3802 publica

458 3825 715 3919 servaretur”;
757 3826 877 3900 verba
918 3819 1003 3929 ᾖσαν
1046 3827 1077 3917 ἐς
1120 3827 1238 3929 λόγους
1275 3825 1352 3901 fere
1390 3825 1601 3925 significant

459 3948 603 4027 ἐκελευον
632 3947 835 4052 ἐπιμέλεσθαι
864 3948 948 4040 όπως
977 3962 1047 4022 etc.
1077 3947 1154 4043 (De
1179 3948 1258 4047 ejus
1282 3946 1479 4022 locutionis
1501 3974 1600 4046 quae

459 4084 517 4144 est
545 4071 715 4170 (ξυν)ίίναι
739 4071 770 4163 ἐς
795 4069 912 4175 λόγους
936 4069 1161 4167 imperfectis
1184 4069 1363 4144 iterativis
1386 4070 1461 4145 vid.
1487 4096 1602 4170 supra

459 4195 600 4290 ἐτι·
632 4198 687 4288 ⁶3·
711 4194 784 4291 ss)

513 4316 610 4389 Cum
646 4315 751 4389 verbi
788 4310 926 4393 κελεύειν
964 4314 1078 4414 stirpe
1106 4314 1258 4413 cognati
1287 4315 1392 4408 ¹verbi
1419 4347 1601 4422 παρακε-

450 4433 649 4518 λεύεσθαι
678 4436 937 4535 imperfectum
963 4452 1000 4511 et
1025 4437 1183 4512 aoristus
1206 4437 1308 4535 apud
1332 4452 1501 4512 nostrum
1523 4461 1598 4512 non

450 4559 527 4636 nisi
550 4585 635 4635 raro
656 4574 874 4653 occurrunt3
899 4561 1159 4658 imperfectum
1182 4559 1300 4634 tribus
1320 4557 1412 4635 locis
1427 4559 1598 4652 occurrit,
