3726 5656
793 599 836 672 15

244 793 484 892 antiquissima
510 806 630 867 aetate
650 785 812 865 diversae
834 791 951 866 aoristi
973 790 1200 866 formationes
1224 790 1386 888 (aoristm

244 916 449 1018 sigmaticus
476 931 515 989 ut
542 913 651 1008 ἔδειξα
679 930 715 988 et
738 914 855 987 aoristi
877 914 1019 988 secundi
1042 929 1081 988 ut
1103 912 1231 1018 ἔδομεν,
1255 905 1383 1018 ἐῗφυὴον,

245 1039 373 1144 ’ἤγαγον
388 1038 415 1138 ¹)
452 1036 554 1111 simul
589 1037 622 1109 in
659 1062 724 1110 usu
752 1037 830 1126 sint,
859 1062 984 1110 omnes
1012 1050 1133 1111 autem
1159 1037 1279 1110 variae
1306 1035 1386 1110 illae

245 1161 474 1236 formationes
510 1184 690 1234 omnes
725 1158 920 1233 aoristi
956 1158 1386 1258 significationes

246 1283 501 1373 admittant,
537 1307 617 1356 cum
655 1282 703 1355 ab
739 1280 852 1355 altera
887 1298 989 1378 parte
1017 1279 1202 1356 verisimile
1230 1281 1272 1355 ¹sit
1298 1297 1387 1355 tem-

246 1431 334 1504 pore
376 1431 449 1502 quo
489 1403 569 1478 illae
609 1404 745 1478 formae
786 1419 913 1504 ortae
955 1419 1034 1478 sunt
1069 1403 1228 1501 cuique
1261 1429 1387 1478 suam

247 1527 622 1628 significationem
672 1526 829 1617 fuisse,
880 1527 1036 1623 sequitur
1084 1551 1150 1600 nos
1200 1525 1387 1625 dijudicare

247 1675 318 1724 non
354 1675 463 1747 posse
499 1674 593 1746 quae
629 1649 662 1722 in
698 1647 852 1748 lingua
889 1647 1081 1739 Graeca,
1119 1663 1388 1746 quatenusper

246 1787 480 1847 monumenta
518 1770 683 1846 liueraria
723 1770 825 1845 nobis
864 1771 992 1845 tradita
1032 1786 1098 1863 est,
1137 1770 1255 1845 aoristi
1289 1770 1389 1844 fuerit

247 1893 455 1994 significatio
482 1893 647 1991 primaria
660 1894 699 1990 ⁹).
1273 1887 1275 1892 ’

301 2016 498 2090 Putandum
535 2031 590 2090 est
624 2041 687 2089 eas
723 2014 1004 2115 significationes,
1043 2040 1137 2113 quae
1172 2012 1387 2116 singularum

250 2139 369 2213 aoristi
396 2137 642 2212 formationum
670 2163 715 2212 eo
742 2153 906 2234 tempore
934 2163 1005 2235 quo
1032 2162 1199 2235 quaeque
1227 2136 1389 2211 formatio

250 2277 328 2335 orta
362 2276 418 2335 est
453 2260 617 2358 propriae
648 2259 797 2349 fuerunt,
824 2257 997 2356 paulatim
1024 2259 1072 2333 ad
1099 2284 1224 2333 omnes
1252 2274 1390 2334 ceteras

250 2381 477 2457 formationes
512 2407 594 2456 esse
624 2381 824 2472 translatas,
853 2382 901 2455 ita
928 2397 966 2455 ut
992 2408 1038 2456 ea
1064 2380 1208 2481 linguae
1237 2380 1390 2456 Graecae

250 2522 382 2597 aetate,
420 2531 529 2604 quam
563 2505 798 2579 vetustissima
834 2519 1065 2578 monumenta
1096 2502 1260 2578 litteraria
1286 2504 1389 2578 nobis

250 2643 529 2726 repraesentant,
567 2651 693 2701 omnes
723 2628 798 2726 jam
827 2627 945 2700 aoristi
970 2626 1197 2701 formationes
1225 2625 1389 2701 omnibus

184 2821 186 2828 ,
249 2750 446 2847 iisdemque
471 2749 779 2849 significationibus
806 2749 971 2824 aoristicis
999 2749 1182 2846 praeditae
1210 2763 1340 2823 essent.
1362 2741 1409 2847 8)Ι

304 2875 406 2947 Haec
443 2899 590 2971 quoque
626 2852 797 2971 quaesti0,
827 2897 920 2969 quae
947 2871 1064 2946 aoristi
1091 2871 1389 2971 lndogerma·

251 2995 340 3069 nici
377 2995 479 3070 fuerit
506 2994 724 3095 significatio,
754 3011 851 3068 certa
874 2994 1009 3068 ratione
1036 2992 1125 3068 solvi
1148 3018 1220 3068 non
1246 2993 1387 3090 poterit,

252 3118 333 3216 quia
373 3117 407 3190 in
443 3116 620 3215 plerisque
655 3115 778 3215 linguis
815 3116 1112 3216 lndogermanicis
1147 3116 1295 3190 aoristus
1320 3127 1391 3190 non

251 3255 424 3337 superest.
449 3238 507 3312 Nil
528 3239 590 3313 nisi
613 3241 837 3347 conjecturae
861 3239 908 3313 de
931 3264 976 3312 ea
998 3264 1037 3312 re
1059 3238 1205 3336 proferri
1227 3254 1389 3335 possunt,

252 3387 399 3460 quarum
427 3387 484 3452 ea,
512 3387 606 3460 quae
632 3361 715 3434 mihi
736 3387 882 3460 quoque
904 3361 1059 3435 maxime
1079 3359 1275 3458 probabilis
1296 3360 1390 3435 vide-
1500 3455 1504 3464 ¹

251 3500 317 3574 tur,
354 3501 409 3559 est
444 3484 674 3584 Streitbergii,
713 3484 772 3581 qui
807 3499 910 3581 putat
936 3484 1070 3558 aoristo
1096 3483 1390 3583 lndogermanico

252 3609 300 3680 ab
324 3607 457 3707 origine
480 3607 662 3682 inhaerere
685 3607 774 3680 vim
795 3607 1186 3705 perfectivam(de
1200 3631 1271 3704 qua
1284 3629 1391 3703 supra

253 3730 423 3827 diximus),
461 3756 507 3804 ex
543 3756 589 3805 ea
621 3745 742 3804 autern
777 3744 900 3803 natam
933 3755 1017 3804 esse
1047 3728 1119 3803 vim
1145 3729 1390 3820 constativam,

255 3955 450 3969 -ι-η--ῠ

292 4111 378 4180 1)De
402 4109 481 4160 variis
505 4107 591 4158 modis
615 4105 710 4172 quibus
734 4105 824 4156 coristi
849 4104 952 4156 formati
977 4111 1037 4156 sunt
1055 4106 1123 4156 bene
1143 4104 1196 4170 agit
1213 4105 1271 4155 Lao
1290 4104 1393 4156 Mursa

255 4198 422 4251 Griechische
448 4195 562 4262 Aoriste,
583 4194 627 4245 ein
646 4194 750 4258 Beitrag
769 4209 813 4242 zur
831 4193 989 4244 Geschichte
1005 4192 1051 4244 des
1069 4193 1196 4258 Tempus·
1214 4191 1269 4242 und
1287 4191 1393 4243 Modus·

252 4286 396 4354 gebrauchs
413 4285 450 4334 im
469 4281 656 4333 Griechischeu
674 4280 775 4348 (Berlin
797 4279 885 4348 1879).

290 4373 318 4440 2)
337 4371 378 4423 Cf.
398 4372 503 4434 Brugm.
522 4368 568 4419 Gr.
588 4367 652 4418 (ἔτ.8
671 4382 698 4432 p.
721 4380 761 4418 11.

290 4460 319 4527 3)
336 4461 378 4509 De
397 4455 524 4522 ejusmodi
542 4454 763 4521 significationum
780 4453 849 4503 inter
867 4454 982 4504 diversas
998 4453 1094 4504 formas
1109 4458 1198 4504 mutua
1215 4450 1394 4519 translatione,

255 4563 322 4612 quae
348 4563 364 4596 a
391 4545 454 4595 viris
480 4543 565 4594 doctis
593 4541 756 4592 Germanicis
785 4540 1017 4608 ,Ausgleichung''
1046 4549 1163 4608 vocatur,
1189 4540 1222 4594 cf.
1248 4541 1394 4590 Hermus

255 4635 330 4684 an.
347 4631 498 4698 Principien
516 4630 563 4682 der
581 4627 840 4696 Sprachgeschichte,
859 4628 967 4694 passim.
