3770 5662
995 564 1046 633 90

449 780 511 848 99,
533 780 547 826 1
567 758 611 846 ὡς
623 755 742 858 τροφήν
756 785 788 832 τι
808 750 945 845 οὐδεὶς
968 755 1107 832 ἐδίδου
1122 753 1211 850 κτλ.)
1226 752 1485 850 imperfectum
1501 774 1586 826 cum

449 876 651 974 negatione
682 877 921 975 conjunctum
957 874 1143 973 signifieat
1183 875 1295 969 „dare
1323 873 1586 963 recusabant”,

451 999 584 1096 quibus
624 999 735 1097 igitur
776 998 867 1072 loci's
903 997 1162 1096 imperfectum
1199 999 1403 1095 negatione
1439 996 1588 1096 adjecta

450 1121 587 1195 indicat
626 1122 871 1196 vehementer
911 1120 1131 1220 rogantibus
1166 1145 1242 1194 non
1275 1147 1358 1195 esse
1394 1121 1583 1217 obtempe-

450 1260 594 1338 ratum3
623 1242 667 1318 cf.
698 1244 792 1317 infra
820 1246 843 1340 ἓ
872 1268 908 1336 9.

505 1365 629 1463 Saepe
652 1366 886 1464 participium
914 1366 1121 1463 praesentis
1149 1366 1253 1440 verbi
1281 1365 1410 1445 διδόναι
1438 1363 1500 1440 illa
1530 1364 1590 1438 of-

452 1487 645 1562 ferendi
673 1488 945 1587 significatione
971 1489 1181 1586 praeditum
1210 1503 1278 1581 est,
1308 1486 1451 1562 veluti
1478 1491 1541 1581 85,
1572 1512 1585 1561 1

452 1613 500 1688 ἐπί
534 1608 571 1688 δέ
604 1610 659 1688 τόν
694 1609 871 1689 διδόντα
902 1611 966 1708 (sc.
997 1613 1109 1709 δίκας)
1138 1608 1175 1688 οὐ
1201 1611 1353 1715 πρότερον
1380 1609 1519 1714 νόμιμον
1547 1613 1591 1702 ὡς

452 1728 499 1810 ἐπ’
526 1731 708 1811 ἀδικοῦντα
738 1732 817 1810 ἰέναι
845 1732 915 1806 ie.
940 1733 1154 1822 „adversus
1177 1759 1265 1808 eum
1289 1732 1351 1831 qui
1375 1747 1590 1831 promptum

452 1879 494 1927 se
521 1853 678 1951 praebet
706 1852 754 1926 ad
782 1878 861 1928 rem
891 1854 1035 1929 arbitris
1062 1855 1370 1930 committendam
1400 1853 1496 1929 etc.”

459 2012 462 2020 ι
508 1974 717 2072 Compositi
749 1976 965 2055 ἐνδιδόναι
1000 1977 1102 2074 impf.
1131 1977 1345 2052 conativum
1373 1976 1474 2052 hisce
1501 1976 1592 2051 locis

452 2094 607 2196 legitur:
638 2097 691 2171 IV
722 2103 782 2194 76,
815 2122 834 2191 3
866 2106 1068 2203 Χαιρωνείαν
1099 2099 1135 2178 δέ
1164 2143 1216 2156 -
1244 2095 1339 2178 α’ίλλοι
1368 2101 1404 2193 ἐξ
1433 2095 1593 2204 Ὀρχομε·

453 2230 510 2298 νοῦ
532 2224 776 2300 ἐνεδίδοσαν
806 2221 1120 2310 „Atheniensibus
1133 2223 1294 2320 prodere
1308 2221 1591 2320 temptabant”;

454 2343 619 2417 similiter
648 2343 702 2416 IV
733 2348 794 2435 89,
830 2367 844 2416 1
878 2348 921 2435 ὡς
947 2358 991 2450 τῷ
1019 2342 1217 2450 Ἱπποκράτει
1246 2351 1303 2423 καὶ
1325 2346 1518 2450 Δημοσθένει
1540 2389 1593 2400 --

454 2461 495 2557 toi
534 2469 566 2543 ἐν
600 2475 666 2557 τοῖς
705 2475 851 2558 Βοιωτοῖς
887 2469 1104 2546 ἐνεδίδοτο
1142 2483 1181 2542 et
1218 2467 1254 2538 V
1284 2472 1345 2559 60,
1378 2492 1397 2541 2
1429 2473 1490 2546 καί
1513 2499 1594 2559 τινες

458 2584 567 2681 αὐτοῖς
595 2631 647 2641 -
675 2584 921 2667 ἐνεδίδοσαν
949 2585 990 2668 τδι
1018 2586 1212 2696 προίγματοι.
1407 2611 1409 2614 ’

510 2709 719 2806 Compositi
754 2711 1004 2815 προδιδόναι
1042 2729 1138 2809 part.
1178 2737 1300 2810 praes.
1343 2713 1380 2787 vi
1421 2711 1595 2788 conativa

455 2831 665 2928 praeditum
701 2832 859 2906 occurrit
896 2834 948 2907 IV
982 2858 1066 2928 104,
1097 2860 1121 2929 4
1149 2839 1179 2914 οἱ
1206 2838 1340 2915 ἐναντίοι
1367 2845 1433 2928 τοῖς
1460 2839 1596 2941 προδι·

455 2959 576 3033 δοῦσι
618 2954 640 3028 i.
657 2979 689 3028 e.
739 2955 963 3049 „adversarii
999 2982 1130 3031 eorum
1165 2957 1228 3055 qui
1265 2960 1395 3032 urbem
1433 2958 1595 3055 prodere

456 3075 734 3170 conabantur”3
758 3077 810 3150 sic
831 3092 927 3174 part.
953 3104 1074 3175 praes.
1100 3080 1239 3177 passivi
1262 3078 1397 3176 legitur
1420 3080 1471 3154 III
1494 3084 1587 3172 18‚1

458 3205 672 3301 Matrimonia
687 3203 724 3278 δὲ
738 3243 790 3254 --
805 3201 856 3278 ἐπί
869 3203 1058 3305 Μήθυμναν
1082 3207 1126 3294 ὡς
1152 3234 1175 3281 π
1181 3203 1383 3309 ροδιδομέ
1385 3234 1457 3294 νην
1485 3199 1595 3308 ἐστροί·

455 3353 570 3402 τενσαν
604 3322 627 3396 i.
651 3347 683 3396 e.
715 3322 882 3396 arbitrati
910 3324 1095 3420 quosdam
1123 3325 1159 3398 in
1189 3325 1281 3400 urbe
1311 3325 1431 3401 Meth.
1461 3326 1593 3400 urbem

456 3445 525 3518 sibi
552 3445 713 3542 prodere
740 3470 823 3519 esse
851 3461 1017 3542 paratos.
1113 3495 1115 3499 -
1579 3469 1582 3472 ·

464 3662 467 3666 ,
494 3566 626 3664 ⁸Verbi
649 3572 826 3645 κτοῖσθαι
849 3567 994 3643 formae
1007 3569 1264 3665 praesenticae
1281 3568 1503 3669 pierumque
1517 3568 1593 3644 vim

458 3689 670 3764 conativam
698 3688 851 3781 habent,
882 3717 966 3765 cum
994 3691 1153 3790 aoristus
1180 3719 1330 3791 semper
1358 3693 1405 3767 sit
1425 3692 1596 3789 ingressi-

457 3837 563 3885 vusr
587 3811 657 3906 „ad
691 3826 803 3898 κτῆσιν
831 3813 1064 3910 pervenire'’.
1094 3815 1325 3911 Significatio
1353 3815 1465 3915 igitur
1491 3813 1599 3890 verbi·

458 3939 596 4013 κτᾶσθαι
632 3934 806 4009 conativa
844 3952 921 4010 est:
965 3936 1036 4032 „ad
1065 3951 1176 4023 κτῆσιν
1205 3939 1402 4037 pervenire
1430 3936 1595 4025 conari‘',

464 4055 679 4153 „acquirere
710 4056 874 4132 conari'‘.

512 4179 775 4275 Imperfectum
813 4205 936 4278 neque
964 4182 1067 4255 verbi
1094 4180 1268 4281 simplicis
1296 4209 1419 4283 neque
1447 4210 1597 4281 compo·v

459 4302 614 4376 sitorum
637 4302 739 4399 apud
763 4317 931 4377 nostrum
955 4305 1123 4378 occurrit.
1148 4305 1264 4380 Verbi
1291 4305 1467 4404 simplicis
1487 4306 1598 4394 infin.

459 4449 581 4522 praes.
611 4424 883 4522 significatione
911 4427 1086 4501 conativa
1114 4429 1290 4504 occurrit:
1328 4430 1343 4502 Ι
1377 4449 1437 4526 70,
1470 4415 1491 4504 8
1521 4429 1599 4508 α’πο·

460 4543 614 4626 λαίονσιν
649 4544 809 4650 ἐλοίχιστα
844 4561 906 4625 τῶν
935 4548 1148 4654 ὑπαρχόντων
1177 4546 1233 4629 διδι
1261 4551 1297 4629 τό
1320 4548 1386 4629 ἀἰεὶ
1414 4547 1599 4632 κτᾶσθαι
