3770 5662
985 580 1058 651 124

447 770 538 845 dare
591 767 745 847 vellet''.
802 770 1009 869 Compositi
1071 769 1321 854 ἀποδιδόναι
1371 773 1478 873 impI.
1539 775 1592 851 ita

446 893 628 992 reperitur
671 893 722 968 IV
769 919 829 989 23,
883 920 896 969 1
947 896 1005 974 καὶ
1046 890 1105 989 τδις
1145 905 1227 990 ναῦς
1263 901 1294 976 οἱ
1333 897 1592 1004 Λακεδαιμόνιοι

447 1015 605 1121 α’πῇτονν,
647 1012 792 1123 καθάπερ
833 1017 1011 1111 ξυνέκειτο·
1054 1021 1084 1095 οἱ
1125 1013 1156 1096 δ’
1194 1014 1354 1110 Ἀθηναῖοι
1391 1021 1591 1126 ἐγκλήματα

448 1137 577 1245 ἔχοντες
605 1183 657 1197 --
684 1136 757 1218 οὐκ
806 1138 1063 1219 ἀπεδίδοσαν
1105 1141 1294 1238 (quamvis
1335 1143 1591 1240 repetentibus

447 1263 606 1338 reddere
643 1262 879 1360 recusabant)
917 1277 955 1337 et
982 1261 1148 1337 similiter
1176 1262 1212 1335 V
1242 1286 1303 1359 35,
1334 1287 1359 1358 4
1391 1263 1469 1344 ὥστε
1496 1261 1590 1344 οὔτε

448 1381 558 1464 Πθλον
592 1381 813 1464 ἀπαιτούντων
851 1381 957 1462 αὐτῶν
986 1383 1246 1465 οἷπεδίδοσαν
1276 1393 1348 1465 κτλ.
1379 1386 1589 1484 Compositi

446 1506 691 1614 προδιδόναι
727 1506 829 1604 imps.
858 1505 911 1580 ita
939 1506 1139 1580 adhibetur
1167 1507 1220 1580 IV
1253 1532 1338 1602 123,
1371 1532 1389 1580 2
1419 1509 1590 1615 τεκμαιρό-

446 1661 536 1734 μενοι
564 1628 628 1707 οἷπδ
655 1642 713 1722 τῆς
740 1631 884 1721 Σκιώνης
906 1627 952 1706 ἔτι
980 1625 1024 1707 οὐ
1051 1633 1274 1735 προνδίδον
1303 1629 1326 1704 i.
1343 1655 1377 1703 e.
1408 1631 1589 1727 „prodere

448 1752 690 1848 recusabat'’;
740 1778 825 1825 curn
872 1777 949 1849 quo
999 1748 1085 1825 loco
1136 1751 1349 1826 conferatur
1398 1751 1436 1826 id
1485 1754 1589 1850 quod

448 1873 584 1974 legitur
618 1873 669 1947 IV
712 1898 796 1963 122,
829 1896 849 1968 3
880 1876 1046 1979 Βρασίδας
1074 1872 1111 1952 δὲ
1138 1873 1287 1979 α’ντελεμ
1314 1868 1422 1954 πολλδι
1450 1919 1502 1931 -
1531 1879 1588 1956 καί

448 1993 524 2076 οὐκ
552 1995 661 2101 οἰφιέι
690 1995 745 2092 (ε
764 1992 801 2074 οὐ
829 1998 1020 2101 προνδίδον)
1046 1993 1106 2083 τὴν
1133 1994 1238 2074 πόλιν.

502 2119 618 2195 Verbi
655 2120 806 2198 ἐθέλειν
836 2144 988 2216 quoque
1015 2119 1236 2217 imperfecta
1263 2144 1363 2217 quae
1391 2135 1588 2195 occurrunt

448 2270 532 2318 curn
569 2243 773 2342 negatione
810 2241 1008 2340 conjuncta
1042 2241 1204 2315 eandem
1242 2242 1318 2317 vim
1342 2244 1587 2340 (,resistance

446 2382 487 2440 to
520 2365 733 2463 pressure'’)
761 2364 949 2453 exhibent,
979 2389 1116 2462 nempe
1147 2364 1249 2439 hisce
1276 2363 1386 2441 locis:
1416 2367 1466 2440 IV
1501 2391 1586 2460 122,

449 2510 493 2583 53
531 2488 567 2560 V
610 2511 668 2580 14,
707 2511 751 2580 43
793 2511 854 2579 21,
897 2511 940 2578 23
981 2510 1041 2579 22,
1084 2511 1125 2581 23
1166 2510 1228 2583 50,
1260 2513 1304 2582 23
1339 2489 1420 2562 VIII
1456 2492 1517 2582 86,
1551 2514 1584 2564 2.

446 2610 589 2684 Contra
623 2609 697 2683 ind.
737 2634 816 2684 aor.
855 2606 991 2707 legitur
1018 2609 1069 2682 IV
1099 2629 1160 2705 57,
1194 2635 1212 2682 2
1244 2616 1439 2704 ξυνεσελθεῖν
1466 2609 1528 2716 μὲν
1555 2613 1587 2706 ἐς

444 2735 479 2811 τδ
515 2743 622 2839 τεῖχος
658 2728 733 2812 οὐκ
769 2732 978 2823 ἠθέλησαν
1016 2733 1176 2837 δεομένων
1212 2748 1275 2812 τῶν
1309 2738 1494 2837 Αἰγινητῶν,
1524 2735 1586 2810 ubi

445 2857 583 2931 aoristo
626 2854 765 2953 aliquid
802 2869 1108 2930 momentaneum
1142 2854 1388 2953 significatur:
1434 2872 1583 2954 ,peten-

339 3019 347 3037 ·
444 2979 543 3056 tibus
593 2977 790 3078 Aeginetis
841 2991 1133 3076 negaverunt
1183 3002 1225 3050 se
1265 2974 1373 3051 simul
1416 3003 1501 3051 curn
1544 2977 1586 3052 iis

445 3099 595 3176 moenia
637 3098 881 3196 intraturos'';
924 3100 961 3173 in
1002 3097 1088 3173 loco
1131 3099 1221 3172 VIII
1266 3102 1327 3193 83,
1369 3124 1388 3172 2
1429 3104 1473 3194 ὡς
1509 3094 1586 3178 οὐκ

444 3225 653 3314 ἠθέλησαν
691 3221 977 3328 οἷνταναγοιγθντες
1011 3235 1231 3327 ναυμαχῆσαι
1268 3246 1345 3296 aor.
1374 3221 1451 3295 vim
1480 3218 1587 3320 plqp-

445 3348 529 3422 Iecti
573 3346 696 3421 Latini
739 3345 854 3420 habet
895 3344 986 3442 („da
1028 3343 1162 3417 sie-
1191 3342 1292 3418 nicht
1333 3342 1411 3419 sich
1452 3343 1585 3418 hatten

446 3468 713 3547 entschliessen
741 3466 919 3542 konnen'
951 3464 1036 3563 CL).

499 3594 560 3668 De
601 3591 707 3667 verbi
748 3585 954 3670 δύνασθαι
996 3588 1215 3685 imperfecto
1250 3604 1288 3662 et
1323 3586 1463 3664 aoristo
1502 3613 1586 3664 cunr

445 3716 649 3816 negatione
678 3713 883 3813 conjunctis
910 3713 985 3788 vid.
1015 3736 1128 3809 supra
1156 3713 1180 3807 ξ
1213 3735 1226 3784 1
1261 3737 1297 3808 p.
1330 3733 1377 3806 53
1408 3737 1465 3809 sq.

500 3836 564 3911 Ad
606 3850 815 3911 extremum
858 3834 930 3908 hoc
967 3831 1199 3931 praeclarum
1237 3833 1346 3932 hujus
1381 3832 1587 3931 imperfecti

446 3987 534 4034 usus
562 3955 774 4057 exemplum
803 3956 979 4031 afferam:
1010 3955 1098 4029 VIII
1132 3978 1191 4050 20,
1225 3980 1243 4029 2
1274 3958 1331 4035 καὶ
1354 3952 1587 4062 παμαπλεθσας

446 4085 495 4162 ἐπὶ
525 4077 623 4187 Αἱμολς
652 4083 711 4160 καί
747 4081 956 4185 προσβαλών,
984 4082 1028 4171 ὡς
1056 4075 1130 4157 οὐκ
1158 4076 1374 4184 ἐλοέμβανε
1402 4078 1460 4167 τὴν
1480 4078 1586 4172 πόλιν,

445 4204 639 4286 οἷπέπλενσεν
667 4205 689 4280 i.
707 4229 740 4277 e.
776 4227 882 4297 ,cum
910 4200 1082 4300 quamvis
1110 4201 1261 4275 annisus
1289 4201 1420 4275 urbem
1447 4225 1588 4299 expug-

448 4354 538 4404 nare
560 4352 636 4401 non
661 4324 838 4425 posset'';
860 4323 977 4397 verba
1000 4326 1045 4416 ὡς
1067 4319 1126 4401 οὐκ
1141 4320 1309 4430 ελοέμβανε
1323 4347 1475 4422 prorsus
1489 4323 1588 4396 idem

442 4449 571 4528 valent
593 4447 695 4549 quod
717 4452 761 4541 ὡς
785 4442 845 4525 οὐκ
868 4440 1008 4525 ἐδύνατο
1030 4452 1111 4525 ελεῖν
1136 4445 1196 4542 (cI.
1223 4471 1256 4521 e.
1281 4470 1319 4544 g.
1346 4445 1396 4518 III
1424 4469 1509 4540 103,
1540 4444 1585 4543 ι),

916 4629 1111 4640 m
