3770 5662
818 583 866 659 79

273 778 382 854 runt’'
400 779 494 876 (‚,sie
509 777 683 852 machten
698 776 776 850 sich
791 775 921 863 daran,
938 775 1007 850 das
1018 774 1124 848 Thor
1138 801 1182 848 zu
1197 771 1411 873 sprengen''

273 901 363 999 St.);
388 916 538 1000 portam
557 902 686 1000 jacere
706 898 938 996 significatur
956 895 1150 995 plqpfecto
1176 898 1222 994 (c.
1245 921 1329 989 ιιι,
1356 899 1412 994 2):

273 1028 317 1117 ὡς
331 1021 476 1117 αὑτοῖςῆ
502 1055 535 1101 τε
556 1026 652 1116 στυλὶς
676 1023 850 1128 διῄρητο
873 1027 946 1100 κτλ.
963 1019 1060 1094 Cum
1076 1034 1204 1096 nostro
1219 1019 1313 1117 ipfto
1327 1043 1414 1092 con·

274 1146 468 1221 ferendum
505 1162 563 1220 est
600 1144 858 1242 imperfectum
895 1148 1118 1253 καθῃρεῖτο
1147 1142 1249 1241 quod
1279 1139 1415 1240 legitur

274 1266 358 1343 loco
386 1293 499 1366 supra
528 1270 578 1366 (p.
612 1277 675 1365 27)
704 1265 858 1340 laudato
888 1266 924 1339 V
956 1289 1017 1360 39,
1050 1290 1083 1360 3.

334 1415 420 1486 113,
464 1417 477 1464 1
520 1395 551 1469 oi
587 1388 623 1468 δὲ
660 1387 853 1493 πράσσοντες
890 1395 947 1468 καὶ
983 1385 1030 1481 οἷς
1059 1381 1163 1466 ταύτδι
1190 1386 1304 1491 ’ἤρεσκε
1331 1381 1415 1491 μετὰ

273 1529 337 1593 τῶν
364 1513 555 1592 ἐσελθόντων
584 1509 703 1604 εὐθὺς
731 1504 753 1598 ἦ
761 1544 836 1591 σαν
870 1511 1017 1601 „statim
1045 1511 1089 1585 iis
1116 1511 1179 1609 qui
1207 1511 1416 1609 irruperant

275 1664 316 1711 se
345 1635 639 1736 adjunxerunt'';
674 1633 840 1708 similiter
867 1635 920 1707 VI
952 1639 1014 1726 88,
1044 1659 1068 1729 4
1097 1631 1215 1727 εὐθὺς
1241 1629 1325 1739 μετὰ
1352 1649 1416 1712 τῶν

278 1757 456 1849 Ἀθηναίων
484 1751 601 1845 ἦσαν.

330 1881 365 1953 V
404 1889 466 1975 64,
507 1903 526 1977 5
567 1888 624 1960 καὶ
661 1876 1009 1985 στρατοπεδευσάμενοι
1045 1880 1126 1984 πρὸς
1161 1895 1204 1983 τῷ
1237 1876 1416 1984 Ἡρακλείῳ

277 2006 429 2110 ἐδῄουν
466 2004 525 2090 τὴν
560 2016 624 2107 γῆν
669 2003 820 2092 „castris
857 2001 986 2099 positis
1023 2001 1217 2098 regionem
1246 1999 1417 2100 populari

280 2123 521 2223 coeperunt'’.

331 2249 392 2322 De
428 2247 647 2346 imperfecto
685 2245 905 2353 ἐξέτρεπεν
932 2247 1035 2345 quod
1071 2246 1208 2345 legitur
1235 2247 1270 2319 V
1301 2252 1362 2342 65,
1393 2272 1418 2339 4

275 2373 354 2470 jam
383 2396 496 2468 supra
525 2372 577 2467 (p.
610 2375 658 2443 26
687 2372 760 2468 sq.)
792 2368 963 2444 diximus,

334 2493 369 2565 V
401 2513 461 2588 74,
495 2515 514 2565 2
544 2496 577 2576 Ιοἱ
604 2491 640 2570 δὲ
667 2492 927 2597 Λακεδαιμόνιοι
954 2491 1139 2596 προθέμενοι
1166 2506 1229 2568 τῶν
1257 2497 1420 2595 πολεμίων

280 2631 398 2722 νεκρῶν
422 2610 463 2692 roi
488 2613 574 2693 ὅπλα
594 2624 747 2720 τροπαῖον
770 2610 889 2706 εὐθὺς
918 2624 1095 2693 ἵστασαν
1120 2619 1177 2692 καὶ
1199 2611 1274 2705 τοὺς
1288 2610 1419 2718 νεκροὺς

280 2734 516 2817 ἐσκύλευον
536 2743 608 2815 κτλ.
625 2737 690 2810 i.e.
713 2736 860 2829 „statim
883 2750 1142 2832 tropaeum
1166 2735 1358 2834 erigere
1382 2751 1420 2810 et
1492 2839 1495 2846 Ι

280 2876 448 2934 mortuos
471 2858 633 2957 spoliare
657 2859 1018 2933 instituerunt'':
1040 2859 1258 2958 imperfecto
1282 2869 1419 2939 ἵστασαν

280 2983 461 3058 adverbio
476 2976 569 3074 εὐθύς
583 2981 760 3081 adjuncto
776 2980 993 3055 describitur
1007 3007 1084 3079 qua
1098 2980 1290 3056 alacritate
1305 2981 1421 3056 Lace-

280 3104 466 3181 daemonii
486 3103 649 3178 victores
671 3103 796 3177 statim
817 3104 995 3177 victoriae
1016 3104 1165 3201 signum
1180 3127 1322 3202 ponere
1337 3128 1420 3178 coe-

281 3229 420 3327 perint3
440 3227 584 3325 imperf.
601 3227 714 3326 igitur
728 3241 785 3300 est
799 3226 1072 3319 incohativum3
1089 3251 1205 3324 quare
1219 3225 1422 3323 quaesitior

281 3376 395 3449 quam
411 3351 533 3426 verior
549 3349 637 3423 mihi
651 3349 798 3424 videtur
813 3349 1069 3447 interpretatio
1082 3346 1251 3422 Claffieni
1266 3348 1317 3444 (in
1332 3372 1419 3423 ann.

282 3475 330 3547 ad
354 3471 433 3570 λλ),
459 3497 556 3570 quae
579 3471 631 3545 sic
656 3471 760 3545 audit
789 3481 949 3566 „intucor
974 3470 1254 3569 Imperfectum:
1277 3469 1422 3567 perfect

281 3595 407 3670 wurde
428 3595 488 3670 die
508 3592 750 3690 Aufstellung
759 3594 828 3668 des
840 3603 991 3698 τροπαῖον
1006 3608 1082 3668 erst
1097 3593 1211 3668 durch
1227 3591 1286 3666 die
1302 3591 1422 3666 Aner-

282 3719 462 3816 kennung
483 3718 549 3792 der
572 3717 716 3792 Feinde
737 3715 848 3791 etc.’'.
872 3715 969 3790 Cum
991 3731 1119 3791 nostro
1133 3715 1218 3790 loco
1233 3714 1422 3789 conferen-

283 3842 372 3914 dum
392 3855 449 3915 est
467 3840 505 3914 id
525 3840 628 3938 quod
647 3837 784 3938 legitur
797 3839 850 3913 VI
869 3858 930 3933 70,
949 3863 969 3933 3
987 3841 1306 3931 ἐπακολουθήσαντες
1320 3836 1357 3916 δέ
1372 3882 1424 3895 -

282 3960 381 4042 πάλιν
409 3961 700 4067 ἐπανεχώρουν
724 3965 784 4040 καιΙ
803 3971 955 4068 τροπαῖον
985 3972 1181 4065 ἵστασαν,
1206 3961 1267 4036 ubi
1286 3976 1424 4036 utrum-

284 4110 358 4184 que
392 4083 650 4182 imperfectum
686 4099 744 4158 est
780 4082 1050 4160 incohativum:
1094 4110 1156 4179 „se
1193 4085 1359 4183 recipere
1386 4100 1425 4158 et

283 4224 482 4307 tropaeum
504 4208 649 4305 erigere
670 4206 933 4281 instituerunt'’
953 4208 1067 4303 (recte
1084 4207 1139 4282 St.
1162 4207 1237 4302 „sie
1249 4206 1424 4282 wandten

283 4330 362 4405 sich
383 4356 447 4404 zur
469 4330 696 4427 Errichtung
716 4329 783 4403 des
804 4328 1071 4426 Trop'aums'’).
1103 4326 1224 4404 Aliter
1248 4355 1289 4403 se
1309 4329 1425 4404 habet

283 4453 388 4552 impf.
422 4452 684 4532 οἷνθίστασαν
711 4462 863 4556 τροπαῖον
892 4453 907 4524 Ι
942 4472 1027 4545 105,
1058 4457 1081 4524 6
1110 4451 1169 4548 (cs.
1199 4451 1294 4527 insra
1320 4454 1344 4549 ἓ
1374 4454 1424 4549 5).

343 4596 403 4671 75,
429 4598 448 4670 5
474 4582 532 4655 καὶ
547 4575 726 4680 διελόμενοι
746 4574 806 4662 τὴν
827 4575 920 4655 πόλιν
943 4583 1261 4680 περιετείχιζονε
1293 4575 1349 4669 „in
1365 4572 1426 4650 ali-
