3770 5662
245 818 395 915 ἐδέξαντο
431 817 548 915 ποίντες
584 825 615 900 οἱ
649 823 700 900 ἕπε’
738 817 873 926 Θρᾴκης
901 801 1078 927 ξόμμαχοό
1105 825 1383 926 Λακεδαιμονίων

243 938 283 1022 τὰ
311 944 542 1049 πεπραγμένοις
571 970 617 1018 eo
640 968 792 1042 quoque
815 942 900 1018 loco
921 937 1027 1041 impf.
1052 941 1221 1018 iterative
1242 945 1382 1019 dictum

244 1079 301 1140 est
340 1066 388 1140 de
419 1067 569 1142 indutiis
606 1065 759 1165 singulis
796 1066 1006 1141 civitatibus
1040 1068 1077 1144 in
1104 1066 1289 1142 Thraciae
1317 1091 1384 1141 ora

244 1189 429 1264 maritima
458 1189 613 1264 Graecis
642 1189 828 1266 nuntiatis
859 1188 1001 1287 (Verba
1028 1204 1071 1294 τῷ
1101 1192 1258 1293 Βρασίδᾳ,
1283 1215 1382 1287 quae

244 1311 280 1384 in
316 1312 506 1386 codicibus
520 1329 607 1410 post
621 1314 828 1418 ἀνήγγελλον
843 1312 1088 1405 inveniuntur,
1099 1313 1185 1411 jure
1199 1338 1222 1388 a
1237 1310 1382 1387 Stahlio

243 1448 283 1508 et
306 1435 434 1509 Hudio
456 1433 580 1511 deleta
604 1436 692 1509 mihi
716 1435 900 1526 videntur,
924 1434 973 1509 de
996 1460 1071 1532 qua
1094 1461 1134 1510 re
1158 1435 1202 1510 ci.
1227 1435 1383 1533 Steupii,

245 1557 310 1655 qui
337 1583 384 1632 ea
411 1559 528 1633 verba
555 1559 700 1654 retinet,
729 1557 971 1634 annotatione
997 1559 1047 1632 ad
1074 1556 1141 1656 l.l.)

301 1681 509 1779 Compositi
550 1679 828 1787 ἐπαγγέλλειν
863 1706 977 1756 unum
1014 1681 1118 1778 impf.
1156 1678 1293 1780 legitur
1331 1682 1383 1755 III

249 1811 307 1892 16,
336 1829 356 1898 3
381 1801 467 1883 κατὰ
490 1805 596 1900 πόλεις
616 1806 877 1911 ἐπήγγελλον
899 1801 1141 1910 τεσσαράκοντα
1157 1819 1235 1884 νεῶν
1250 1809 1384 1898 πλῆθος,

244 1953 321 2027 quo
345 1926 562 2024 imperfecto
584 1929 829 2026 respiciuntur
851 1925 1019 2026 singulae
1043 1925 1225 2016 civitaten,
1251 1927 1385 2026 quibus

245 2074 364 2126 naves
392 2049 599 2148 imperatae
627 2065 711 2125 sunt
738 2050 856 2148 (impi.
886 2051 1035 2148 iterat).

300 2171 361 2246 De
395 2171 613 2270 imperfecto
641 2189 679 2248 ct
706 2173 847 2248 aoristo
875 2172 1072 2271 compositi
1100 2171 1385 2277 α’παγγέλλειν

245 2296 268 2390 ξ
281 2319 299 2368 2
307 2316 340 2389 5,
357 2295 406 2368 de
419 2293 639 2394 imperfecto
655 2312 693 2371 et
707 2296 848 2371 aoristo
863 2295 1059 2394 compositi
1073 2297 1385 2401 περιαγγέλλειν

244 2420 268 2514 ξ
310 2441 370 2510 24,
410 2418 458 2493 de
495 2419 714 2519 imperfecto
743 2418 939 2516 compositi
965 2418 1279 2524 παραγγέλλειν
1307 2420 1385 2516 §6

244 2556 392 2640 agetur.

300 2663 426 2738 Etiam
450 2664 556 2738 verbi
585 2660 863 2744 enutrirentur
887 2663 1144 2762 imperfectum
1174 2664 1384 2762 ubicunque

245 2786 407 2860 occurrit
447 2786 618 2861 iterative
659 2803 877 2885 usurpatum
920 2802 977 2862 est
1018 2788 1066 2862 de
1107 2787 1242 2862 eadem
1285 2813 1326 2862 re
1362 2813 1386 2861 a

243 2908 402 2984 diversis
424 2909 592 3007 partibus
616 2910 788 3007 cognita:
813 2911 828 2983 I
854 2931 917 3006 95,
943 2935 984 3005 33
1016 2934 1100 3004 132,
1124 2935 1169 3004 43
1196 2911 1229 2984 ΙΙ
1258 2931 1383 3005 57,1;

243 3031 297 3110 III
338 3051 399 3127 70,
439 3037 484 3127 ⁶3
524 3031 577 3106 IV
619 3056 653 3128 3,
698 3058 739 3126 13
771 3032 844 3107 VII
874 3057 911 3127 4,
944 3052 987 3128 73
1023 3037 1081 3124 18,
1116 3057 1148 3108 1.
1178 3033 1240 3107 Sic
1269 3032 1383 3107 etiam

242 3154 480 3252 participium
518 3153 724 3252 praesentis
751 3155 922 3230 iterative
950 3169 1169 3253 usurpatum
1197 3170 1255 3230 est
1282 3155 1385 3230 hisce

241 3273 357 3350 locis:
388 3277 403 3350 I
435 3281 497 3370 64,
531 3300 573 3371 23
604 3275 657 3350 III
694 3280 752 3369 18,
784 3301 825 3372 33
854 3277 942 3352 VIII
974 3280 1037 3372 83,
1072 3302 1110 3371 13
1136 3277 1270 3374 quibus
1293 3275 1385 3352 locis

241 3425 477 3497 quamquam
513 3397 707 3498 participio
745 3398 1007 3504 (πυνθανόμενοι)
1043 3399 1141 3475 actio
1170 3398 1385 3497 exprimitur
1512 3403 1515 3415 ⁴

242 3546 344 3618 quae
391 3521 578 3596 actionem
628 3521 843 3619 primariam
884 3523 1089 3621 praecessit
1130 3548 1293 3621 eamque
1332 3523 1383 3596 ob

242 3669 398 3718 causam
436 3659 530 3742 part.
569 3645 696 3720 aoristi
732 3661 1005 3742 exspectamus,
1045 3661 1171 3722 tamen
1206 3646 1256 3720 ad
1292 3643 1386 3720 noti·

242 3791 357 3844 onem
406 3767 617 3843 iterativam
666 3768 940 3867 designandam
982 3785 1078 3869 part.
1121 3769 1386 3868 praesentis

243 3889 453 3964 adhibitum
481 3906 550 3966 est.

298 4011 530 4088 Elocutionis
577 4013 828 4112 (ξνν)ιέ’ναι
870 4016 909 4108 ἐς
951 4015 1115 4120 λόγους
1154 4015 1212 4089 bis
1252 4015 1384 4114 imper-

244 4133 383 4210 sectum
418 4134 575 4212 occurrit
609 4137 723 4234 idque
760 4138 808 4212 de
842 4136 1004 4214 conciliis
1040 4138 1223 4236 repetitis:
1254 4138 1290 4211 V
1323 4159 1380 4234 17,

244 4281 265 4331 2
309 4259 364 4336 τόν
405 4275 556 4364 χειμῶνα
596 4267 707 4338 τοῦτον
748 4253 852 4366 ᾖσαν
891 4263 922 4355 ἐς
962 4261 1079 4367 λόγους
1116 4263 1181 4360 (sc.
1221 4257 1384 4352 Ἀθηναῖοι

242 4386 301 4461 καὶ
322 4380 593 4487 Λακεδαιμόνιοι)
624 4380 847 4477 „identidem
872 4383 1192 4480 conveniebant''3
1217 4383 1269 4458 IV
1299 4409 1384 4478 119,

214 4527 265 4598 ·3
298 4500 400 4608 ξυνῇ
408 4533 486 4582 σαν
514 4505 546 4580 ἐν
573 4500 658 4612 αὐτῇ
681 4504 717 4606 (i.
742 4531 774 4580 e.
796 4520 837 4611 τῇ
857 4509 1030 4614 ἐκεχειρία)
1052 4509 1119 4615 περὶ
1143 4522 1206 4586 τῶν
1228 4505 1386 4612 μειζόνων

154 4634 158 4643 '
241 4629 394 4706 σπονδῶν
429 4621 494 4705 διὰ
530 4625 685 4722 παντὸς
719 4631 751 4722 ἐς
784 4629 912 4735 λόγους.
944 4629 1089 4708 Contra
1117 4631 1165 4707 de
1196 4655 1271 4706 una
1299 4655 1384 4705 con·
