3726 5656
800 621 848 696 37

249 814 352 912 pium
391 841 544 914 quoque
579 817 707 891 aoristi
744 815 957 914 ubicunque
1010 817 1169 891 occurrit
1210 817 1241 915 (I
1277 841 1335 909 12,
1371 841 1383 891 1

249 952 289 1011 et
317 961 361 1031 43
391 938 445 1011 III
477 959 538 1034 74,
570 964 613 1035 33
639 939 695 1012 IV
726 959 788 1034 71,
823 939 856 1036 1)
884 937 921 1011 vi
948 938 1157 1038 ingressiva
1177 938 1389 1037 praeditum

250 1074 318 1134 est.
350 1060 544 1136 Indicativi
572 1060 700 1134 aoristi
727 1061 790 1158 qui
817 1057 993 1159 leguntur
1022 1059 1077 1134 IV
1107 1067 1168 1156 56,
1199 1087 1240 1154 13
1264 1062 1300 1135 V
1326 1083 1388 1156 50,

250 1205 297 1276 43
328 1182 381 1255 VI
410 1208 474 1276 44,
507 1207 550 1278 33
580 1182 668 1256 VIII
702 1207 764 1277 24,
795 1187 818 1258 6
847 1198 933 1257 sunt
955 1182 1248 1281 complexIvi.

304 1305 421 1380 Verbi
449 1306 588 1410 μένειν
617 1304 743 1404 plures
764 1306 1023 1405 praesenticae
1051 1332 1165 1404 quam
1193 1306 1390 1381 aoristicae

248 1427 395 1502 formae
433 1444 650 1522 occurrunt,
684 1428 787 1526 imps.
827 1434 850 1502 6
888 1429 1057 1517 occurrit,
1096 1426 1317 1527 plemmque
1352 1429 1389 1502 in

249 1551 445 1626 enuntiato
481 1547 587 1630 κατὰ
621 1550 762 1658 χώραν
797 1548 924 1656 ἔμενε,
963 1548 1120 1657 ἔμενοντ
1158 1552 1213 1626 IV
1255 1576 1312 1646 14,
1344 1575 1388 1647 5,

252 1679 314 1766 26,
361 1698 401 1768 13
436 1673 510 1748 VII
547 1699 611 1768 49,
650 1698 697 1768 43
729 1673 820 1748 VIII
850 1694 911 1769 71,
943 1697 977 1770 3.
1008 1675 1235 1750 Indicativus
1263 1673 1390 1749 aoristi

247 1811 396 1899 tantum
433 1795 490 1870 bis
527 1796 703 1872 occurrit:
742 1796 795 1869 IV
833 1802 868 1885 6,
909 1821 928 1870 2
963 1796 1090 1902 ἡμέρας
1121 1793 1187 1904 γὰρ
1213 1805 1303 1877 πέντε
1332 1803 1389 1877 καὶ

248 1919 334 1998 δέκα
367 1916 535 2023 ἔμειναν
573 1921 605 1998 ἐν
642 1915 836 2028 τῄἈττικῇ
863 1920 956 2017 (aor.
988 1917 1213 2020 complex.);
1244 1920 1293 1994 III
1326 1937 1408 2015 75,‘

255 2068 268 2117 1
304 2045 336 2121 οἳ
361 2037 496 2120 οὐκέτι
525 2037 691 2145 ἔμειναν
721 2041 814 2138 (aor.
844 2056 1002 2116 constat.
1033 2075 1075 2101 =
1103 2039 1246 2148 ἔφυγον).

305 2164 515 2262 Compositi
536 2163 765 2269 περιμένειν
788 2164 890 2263 impr.
908 2161 1105 2262 aliquoties
1129 2166 1298 2254 occurrit,
1313 2164 1388 2240 ind.

249 2313 330 2362 aor.
359 2312 435 2361 non
463 2288 638 2380 occurrit,
667 2287 846 2384 quoniam
867 2287 1144 2386 praepositione
1166 2320 1272 2394 περι·
1291 2288 1391 2363 ineo

249 2409 463 2509 composito
490 2409 732 2513 exspectandi
761 2410 865 2484 notio
893 2410 1006 2485 etiam
1030 2411 1151 2510 magis
1174 2411 1391 2509 exprimitur

250 2560 367 2632 quam
401 2535 518 2608 verbo
556 2532 723 2633 simplici,
762 2557 838 2606 non
865 2533 1042 2608 miramur
1079 2535 1205 2611 aoristi
1229 2534 1391 2610 indicati·

249 2683 341 2731 vum
369 2656 522 2733 omnino
551 2681 626 2730 non
655 2679 860 2730 occurrere.

304 2779 422 2858 Verbi
455 2785 586 2858 οἰκεῖν
622 2777 881 2877 imperfectum
909 2777 1096 2876 significat
1129 2779 1389 2874 „habitare”

250 2900 356 2978 velut
383 2902 398 2976 l
431 2927 464 2994 2,
497 2899 617 2996 53111
644 2920 706 2995 72,
734 2924 768 2995 3.
799 2899 939 2974 Aoristi
966 2899 1042 2974 ind.
1065 2891 1228 3007 (ᾤκησαν)
1252 2904 1392 3002 ubique

251 3023 438 3125 significat
470 3022 737 3114 „considere
765 3022 802 3096 in
829 3021 957 3120 aliquo
985 3020 1109 3118 loco'',
1138 3024 1255 3101 habet
1281 3027 1393 3128 igitur

251 3149 329 3224 vim
358 3146 683 3246 ingressivam.

278 3271 503 3370 Composita
526 3275 843 3376 προσξυνοικεῖν
867 3270 1099 3363 εϊέξοικεῖν
1114 3269 1231 3345 semel
1245 3286 1392 3347 tantum

253 3410 451 3470 occurrunt
484 3394 598 3491 idque
626 3393 663 3468 in
700 3392 840 3468 aoristo
877 3392 919 3467 in
927 3392 1163 3490 gressivo:
1203 3394 1256 3468 VI
1296 3421 1331 3488 2,
1369 3420 1390 3491 3

252 3515 608 3622 προσξυνῷκησαν
632 3515 653 3590 i.
672 3541 705 3590 e.
735 3512 842 3590 simul
870 3541 955 3590 cum
969 3515 1012 3590 iis
1026 3515 1062 3590 iu
1077 3515 1120 3590 iis
1134 3513 1392 3593 locisconse·

254 3642 441 3735 derunt3
458 3641 492 3714 II
514 3660 572 3735 17,
595 3665 608 3713 1
628 3639 663 3718 τὸ
679 3639 882 3744 Πελαργικὸν
897 3641 1121 3744 ἐξῳκῆθηί.
1133 3666 1167 3715 e.
1183 3643 1393 3718 totumha-

254 3761 1392 3865 bitaricoeptumest(vid.Steupiiann.adhunclocum).

309 3887 529 3962 Ceterorum
564 3886 857 3985 compositorum
886 3911 964 3961 aor.
990 3884 1211 3961 indicativus
1235 3912 1310 3962 non
1334 3915 1393 3963 oc·

256 4011 386 4106 currit3
416 4009 708 4108 compositorum
736 4023 864 4084 autem
892 4008 970 4102 dre,
1000 4011 1066 4102 (Ie,
1095 4011 1160 4098 ἐν-,
1190 4011 1259 4104 ἐπ·,
1287 4042 1392 4118 παρ’,

257 4143 491 4240 προσοικεῑν
519 4133 716 4208 aoristicae
730 4132 874 4206 formae
902 4132 1055 4207 omnino
1083 4155 1160 4206 non
1184 4149 1393 4228 occurrunt,

258 4257 322 4332 sed
348 4257 611 4332 tantummodo
636 4257 779 4332 formae
807 4256 1077 4356 praesenticae.

309 4381 424 4456 Verbi
451 4389 593 4488 ὁρμεῖν
622 4381 778 4481 ejusque
799 4381 1093 4479 compositorum
1109 4379 1224 4480 (ἄνθη
1246 4383 1316 4486 ἔφη
1330 4412 1394 4461 πε-

261 4537 345 4611 prop
351 4506 458 4611 μεῖν)
479 4503 742 4581 tantummodo
762 4504 907 4580 formae
923 4503 1191 4602 praesenticae,
1206 4503 1244 4578 in
1259 4503 1393 4602 quibus

262 4625 374 4703 multa
394 4627 624 4728 imperfecta,
651 4641 869 4724 occurrunt3
892 4652 979 4701 nam
996 4626 1050 4701 IV
1068 4647 1129 4724 75,
1148 4651 1167 4701 2
1185 4625 1265 4701 sine
1280 4627 1393 4703 dubio
