3726 5656
271 803 354 856 sun
388 796 427 857 et
460 757 653 858 smum
666 783 694 881 ι)
727 782 864 858 concis
900 783 1073 860 vaticani
1104 785 1177 884 (Β),
1208 786 1368 862 uuum
1382 790 1409 886 Β)

269 886 397 978 autem
426 905 666 980 Laurentiani
694 905 757 1003 (C)
784 907 903 981 amori
927 907 1034 980 nimis
1057 907 1262 985 indulsisse.
1291 911 1411 984 Unice

269 1043 373 1101 recta
409 1029 504 1102 ratio
537 1042 594 1102 est
629 1053 677 1102 ex
711 1028 755 1102 iis
790 1027 949 1126 legibus
986 1055 1085 1128 quae
1119 1029 1209 1104 locis
1236 1032 1346 1106 certis
1373 1033 1409 1106 in

268 1149 476 1248 imperfecti
522 1165 561 1224 et
606 1151 732 1225 aoristi
778 1177 849 1225 usu
889 1151 1017 1227 valere
1060 1153 1401 1251 deprehenduntur,

221 1329 224 1338 .
267 1273 388 1347 dubiis
415 1298 568 1371 quoque
595 1270 687 1347 locis
714 1271 933 1348 alterutrum
960 1290 1110 1371 tempus
1138 1275 1288 1374 eligere.

323 1395 389 1469 Ad
417 1411 625 1470 extremum
647 1396 695 1470 de
718 1396 762 1469 iis
783 1397 984 1471 verborum
1007 1397 1148 1491 formis
1174 1426 1273 1497 quae
1287 1426 1354 1497 per
1367 1426 1408 1474 se

268 1534 354 1593 sunt
377 1518 514 1593 dubiae
536 1518 657 1593 sintne
679 1518 885 1617 imperfecti
908 1546 956 1595 an
979 1521 1104 1596 aoristi
1118 1521 1203 1596 loco
1218 1522 1407 1597 adhibitae

268 1639 387 1734 (velut
421 1638 563 1740 ἔκτεινε),
601 1655 799 1716 contextus
835 1643 979 1717 ratione
1017 1643 1149 1718 habita
1182 1645 1407 1720 'constituere

267 1779 425 1839 conatus
447 1788 529 1838 sum
555 1765 750 1862 quomodo
774 1764 929 1866 singulis
952 1763 1043 1841 locis
1066 1767 1306 1865 accipiendae
1321 1768 1404 1843 sint.

321 1885 542 1986 Antequam
569 1902 697 1961 autem
725 1903 877 1963 transeo
904 1889 954 1964 ad
981 1890 1106 1964 varios
1134 1889 1339 1988 imperfecti
1367 1907 1406 1966 et

266 2010 393 2086 aoristi
407 2036 496 2085 usus
509 2008 775 2108 Thucydideos
790 2013 992 2109 separatim
1007 2013 1236 2106 tractandos,
1254 2038 1406 2088 monen-

265 2133 356 2208 dum
393 2131 482 2206 mihi
516 2147 574 2206 est
602 2158 675 2225 me,
705 2159 933 2233 quamquam
962 2135 999 2208 in
1027 2135 1099 2210 hoc
1126 2136 1248 2233 capite
1276 2135 1405 2210 ordine

265 2255 526 2356 disputationis
563 2255 735 2331 inductus
769 2257 928 2354 primum
961 2258 1066 2333 varia
1094 2257 1221 2333 aoristi
1250 2246 1425 2357 generas

264 2379 402 2454 deinde
423 2377 629 2477 imperfecti
654 2379 834 2471 recensui,
858 2395 985 2455 tamen
1009 2381 1046 2454 in
1070 2380 1112 2454 iis
1133 2406 1233 2478 quae
1247 2407 1405 2480 sequun-

263 2516 324 2576 tur
359 2501 519 2599 primum
556 2500 605 2574 de
639 2499 875 2599 imperfectis,
905 2501 1041 2577 deinde
1069 2504 1118 2578 de
1145 2503 1292 2577 aoristis
1319 2529 1404 2579 esse

263 2623 460 2712 dicturum,
482 2624 686 2696 secundum
710 2624 876 2697 omnium
897 2625 1228 2722 grammaticorum
1251 2651 1403 2700 consue-

263 2746 431 2820 tudinem
459 2745 653 2820 aoristicas
680 2761 767 2844 post
796 2746 1049 2844 praesenticas
1077 2748 1217 2824 formas
1243 2764 1402 2823 tractan-

262 2868 367 2944 tium.
398 2869 439 2942 ln
467 2868 689 2966 llrucydide
717 2869 790 2943 hoc
818 2894 971 2968 quoque
999 2871 1143 2945 accedit
1171 2873 1273 2968 quod
1302 2873 1402 2969 apud

263 3019 350 3067 eum
388 2991 605 3089 imperfecta
642 3017 797 3068 numero
835 3008 1013 3091 superant
1051 2994 1220 3069 aoristos.
1260 2995 1404 3069 Auctor

263 3115 362 3190 enim
399 3130 457 3190 est
493 3140 530 3189 v.
570 3115 606 3190 d.
638 3115 682 3190 C.
714 3116 778 3190 W.
810 3116 854 3190 E.
887 3117 1075 3213 Mrntnn³)
1104 3118 1206 3215 apud
1234 3134 1401 3192 nostrum

263 3238 520 3337 imperfectum
559 3242 676 3332 4268,
715 3238 840 3314 aoristi
874 3255 1001 3313 autem
1029 3239 1268 3314 indicativum
1299 3264 1401 3334 3910

264 3387 477 3455 occurrere3
524 3361 588 3459 qui
628 3362 771 3435 numeri
812 3362 934 3436 sintne
975 3361 1025 3436 acl
1066 3363 1242 3437 amussim
1284 3388 1401 3437 necne

263 3509 395 3586 parum
424 3482 546 3559 refert.

317 3607 432 3680 Porro
469 3631 623 3681 monere
653 3605 766 3680 velim
795 3632 856 3681 me
885 3632 961 3681 non
989 3632 1153 3681 omnes
1181 3605 1295 3699 locos²
1325 3608 1401 3705 qui-

263 3729 333 3803 bus
369 3727 625 3826 imperfectum
663 3743 701 3802 et
736 3729 895 3803 aoristus
931 3729 1179 3822 inveniuntur,
1214 3727 1400 3822 laudasse,

302 4113 327 4182 1)
345 4110 568 4176 Thukydides
587 4109 682 4162 erkl'strt
702 4126 754 4176 von
770 4109 794 4174 J.
815 4108 935 4159 CLASSEN
954 4107 1065 4176 (Berlin,
1084 4109 1304 4160 Weidmannsche
1319 4110 1401 4159 Buch-

261 4197 420 4266 handlung),
435 4197 507 4262 cujus
524 4199 610 4263 operis
626 4196 749 4262 majorem
764 4203 864 4262 partem
873 4195 930 4262 (lib.
942 4197 1029 4246 1-1v
1038 4203 1065 4245 et
1076 4195 1125 4263 VI)
1134 4197 1276 4246 recentiore
1286 4197 1401 4247 editione

262 4287 411 4354 procuravit
426 4302 442 4335 a
460 4302 485 4337 v.
504 4286 529 4336 d.
546 4286 571 4350 J.
590 4285 686 4335 Soror.

299 4372 327 4441 2)
345 4371 558 4438 Thucydidis
576 4369 757 4422 Historiae
772 4369 806 4420 ad
821 4370 934 4434 optimos
950 4369 1052 4420 codices
1068 4369 1155 4420 denuo
1170 4371 1203 4419 ab
1219 4369 1278 4434 ipso
1295 4369 1403 4420 collatos

261 4459 392 4512 recensuit
417 4460 546 4510 canotus
573 4459 659 4509 Huou
692 4457 750 4526 (lib.
779 4457 867 4508 l—IV
897 4455 973 4524 1898,
991 4457 1039 4506 lib.
1058 4457 1185 4507 v-vl11
1207 4470 1287 4525 19013
1307 4457 1403 4522 Lipsiae

261 4547 335 4614 apud
351 4545 539 4614 Teubnerum)‚
558 4561 625 4611 quae
643 4544 725 4596 editio
743 4551 871 4610 apparatu
889 4543 1096 4608 locupletissimo
1115 4550 1207 4593 ornata
1225 4551 1272 4593 est.

300 4633 332 4702 3)
351 4633 408 4686 Τὴο
426 4632 565 4700 Imperfect
582 4632 635 4684 and
653 4631 698 4684 the
715 4632 804 4682 Aorist
820 4631 849 4681 in
865 4630 952 4682 Greek
968 4629 1013 4698 (A.
1027 4631 1051 4696 J.
1068 4631 1096 4682 P.
1112 4631 1185 4698 xvt,
1204 4627 1284 4700 1895)
1300 4646 1326 4695 p.
1346 4643 1402 4692 142.

1272 4744 1287 4797 3
