3726 5656
822 589 870 658 29

275 777 471 875 quoddam
494 777 552 867 sit,
577 777 718 851 aoristo
741 777 897 874 exprimi
918 793 1190 874 exspectamus.
1215 779 1324 853 Nunc
1346 780 1416 854 viri

274 900 376 972 docti
417 897 481 972 illo
522 885 742 996 imperfecto
783 897 982 995 significari
1017 899 1149 974 volunt
1182 902 1416 975 actionem

269 1021 487 1120 jubendi,
524 1021 613 1094 nisi
645 1022 825 1120 jussum
862 1021 959 1112 siat,
988 1047 1077 1095 non
1104 1047 1208 1096 esse
1235 1023 1416 1098 absolu·

273 1158 384 1236 tam3
417 1144 471 1216 sic
499 1143 544 1217 F.
573 1141 738 1216 Blassius
764 1143 802 1215 in
830 1141 1024 1240 praeclara
1051 1170 1119 1218 sua
1147 1144 1196 1218 de
1224 1144 1350 1220 aoristi
1377 1161 1417 1220 et

273 1264 480 1362 imperfecti
507 1291 577 1338 usu
605 1265 922 1338 commentatione
936 1265 962 1362 1)
985 1265 1095 1340 dicit:
1129 1311 1203 1356 „—
1226 1292 1332 1341 wenn
1355 1267 1417 1342 die

273 1387 560 1485 Aufforderung
595 1386 665 1460 auf
697 1386 1026 1484 Scbwierigkeiten
1060 1388 1121 1462 bei
1152 1389 1226 1463 den
1256 1387 1414 1463 Andern

273 1521 401 1603 stbsst,
438 1510 501 1583 die
532 1508 634 1582 dann
662 1509 789 1583 weiter
816 1509 1000 1584 berichtet
1025 1510 1188 1603 werden,
1217 1511 1319 1586 steht
1345 1511 1415 1587 das

275 1632 557 1729 Imperfektum,
599 1630 752 1705 indem
792 1632 875 1705 das
911 1628 1095 1712 κελεύειν
1129 1632 1415 1708 unvollstan-

274 1754 355 1852 dig
387 1753 575 1829 bleibt‘’.
615 1753 886 1853 Hujuscemodi
920 1753 1178 1850 interpretatio
1211 1755 1415 1853 imperfecti

275 1903 383 1951 usum
412 1902 487 1950 non
516 1875 607 1950 satis
633 1890 808 1950 accurate
830 1875 1016 1973 explicare
1040 1876 1129 1950 mihi
1151 1876 1316 1952 videtur:
1332 1877 1415 1976 ipsa

274 2001 374 2074 enim
388 2001 487 2074 actio
496 1999 654 2099 jubendi
669 2024 737 2096 per
750 2023 792 2072 se
806 1997 980 2073 absoluta
994 2013 1063 2091 est,
1078 1998 1159 2073 sive
1172 1999 1195 2073 ii
1210 1999 1273 2096 qui
1282 2001 1415 2099 juben-

274 2137 336 2196 tur
371 2138 507 2219 parent
542 2121 623 2195 sive
656 2145 733 2194 non
768 2136 914 2217 parent.
951 2121 1042 2195 Mea
1073 2137 1201 2196 autem
1228 2123 1414 2198 sententia

274 2245 495 2344 imperfecto
527 2243 634 2318 verbi
672 2239 810 2322 κελεύειν
847 2242 966 2318 lector
1002 2259 1186 2338 monetur,
1220 2261 1261 2320 ut
1287 2245 1413 2320 animo

273 2381 533 2466 repraesentet
568 2391 655 2441 eum
693 2365 756 2463 qui
779 2366 890 2464 jubet
916 2381 1141 2464 occupatum
1169 2367 1205 2440 in
1228 2367 1411 2467 jubendo,

273 2504 627 2587 exspectantem
677 2487 822 2586 igitur
869 2488 1019 2563 fiatne
1063 2489 1242 2588 jussum
1284 2515 1412 2564 suum

273 2637 429 2687 necne.
456 2610 682 2709 imperfecto
705 2609 817 2708 igitur
839 2625 920 2684 tum
940 2609 1044 2684 locus
1065 2627 1134 2703 est,
1155 2637 1239 2685 cum
1254 2612 1413 2710 scriptor

273 2735 484 2832 significare
512 2733 593 2808 vult
611 2733 719 2832 jusso
743 2757 818 2807 non
842 2733 894 2807 sic
917 2733 1219 2832 obtemperatum
1243 2759 1339 2828 esse,
1362 2734 1412 2810 de

267 2859 361 2958 jussi
388 2857 630 2932 exsecutione
652 2855 733 2930 sive
757 2853 993 2953 neglectione
1017 2880 1040 2930 a
1062 2881 1105 2930 se
1127 2857 1250 2931 adhuc
1271 2856 1411 2931 dictum

272 2981 325 3056 iri.
365 2981 519 3072 Fateor,
557 2979 661 3076 quod
689 2978 739 3052 ad
767 3003 894 3052 usum
923 2979 1069 3071 attinet,
1098 3005 1222 3054 meam
1252 2978 1410 3079 explica·

270 3103 413 3178 tionem
449 3101 587 3176 eodem
622 3100 745 3175 redire
779 3127 856 3198 quo
894 3100 1025 3175 Blassii
1060 3101 1314 3200 aliorumque,
1343 3128 1412 3201 per

270 3252 313 3300 se
349 3241 477 3301 autem
505 3223 641 3298 rectius
668 3249 710 3298 se
737 3223 878 3299 habere
905 3239 1010 3321 puto,
1043 3223 1270 3324 Hujusmodi
1298 3224 1410 3323 igitur

271 3349 502 3448 imperfecta,
527 3349 550 3422 i.
572 3373 603 3421 e.
627 3347 847 3445 imperfecta
874 3348 1076 3422 verborum
1101 3343 1282 3438 κελεύειν,
1306 3377 1410 3453 πρεσ-

269 3469 470 3578 βεύεσθαι,
500 3475 624 3550 αἰτεῖν
646 3469 768 3568 iisque
788 3469 959 3543 similium
975 3494 1074 3567 quae
1088 3470 1409 3568 exspectationem

265 3593 445 3693 jubentis
460 3592 624 3689 legantis
646 3607 717 3666 etc.
735 3592 947 3688 exprimunt
961 3593 1285 3691 exspectativa
1300 3618 1408 3668 voco.

324 3714 497 3790 Alterum
532 3714 738 3812 imperfecti
774 3739 906 3811 genus,
945 3714 981 3788 in
1011 3741 1086 3813 quo
1115 3715 1172 3790 vis
1199 3715 1409 3813 paratatica
1539 3735 1541 3742 ⁴

270 3836 370 3912 clare
407 3835 540 3924 elucet,
579 3850 637 3910 est
664 3835 702 3910 id
730 3835 989 3933 imperfectum
1017 3836 1122 3933 quod
1145 3837 1229 3911 dico
1258 3837 1408 3936 petiti·

270 3986 387 4035 vum.
412 3959 676 4058 Imperfectum
700 3957 788 4032 volo
812 3983 942 4033 eorum
966 3960 1168 4035 verborum
1184 3986 1283 4058 quae
1297 3960 1407 4061 signi·

270 4082 483 4157 ficationem
505 4083 688 4179 praebent
706 4080 846 4179 aliquid
867 4082 1070 4180 petendi,
1090 4080 1193 4157 velut
1206 4085 1408 4160 verborum

269 4206 441 4298 ἐπιέναι,
470 4203 720 4296 ιῖντεπιέναι,
751 4206 935 4283 ἐπιπλεῖν
964 4206 1064 4302 (cum
1085 4203 1205 4281 classe
1225 4206 1409 4283 adversus

269 4329 417 4403 hostem
453 4327 648 4427 navigare)
684 4327 803 4424 iisque
838 4325 1023 4402 similium.
1053 4323 1132 4402 Sub
1160 4328 1259 4404 idem
1287 4355 1407 4429 genus

274 4505 446 4522 -ᾤ-

310 4602 405 4672 1)Rh.
423 4602 461 4654 Μ.
479 4601 513 4652 Ν.
533 4601 563 4652 F.
581 4613 617 4666 44
634 4597 730 4668 (1889)
748 4616 774 4666 p.
793 4598 945 4666 40⁶·430·
