3726 5656
977 533 1026 601 26

427 740 449 817 i.
476 766 508 817 e.
555 741 872 839 „quotiescunque
908 741 991 839 quis
1029 767 1070 816 se
1102 740 1283 838 recipiens
1311 721 1567 837 intercipie-

427 865 574 955 batur‚
604 863 898 939 necabatur”.

482 987 578 1060 Cum
607 986 824 1084 imperfecto
853 986 1025 1061 iterativo
1054 1012 1179 1062 rursus
1207 988 1386 1062 cohaeret
1409 987 1567 1084 impe-r-

426 1109 597 1182 sectum
633 1109 979 1207 descriptivum,
1016 1136 1091 1208 quo
1130 1109 1345 1184 adhibendo
1372 1134 1496 1206 aeque
1523 1134 1568 1182 ac

425 1230 598 1306 iterativo
622 1232 780 1329 scriptor
801 1232 935 1306 seriem
958 1247 1234 1307 momentorum
1249 1231 1460 1330 significare
1474 1230 1565 1306 vult.

429 1353 518 1428 Hoc
552 1368 679 1427 tamen
716 1351 872 1428 interest
904 1355 1000 1428 inter
1035 1355 1107 1428 hoc
1143 1379 1188 1430 ac
1222 1354 1325 1452 impf.
1354 1353 1567 1428 durativum

425 1474 725 1573 iterativumque,
763 1475 866 1573 quod
903 1475 1121 1573 imperfecto
1158 1475 1383 1574 descriptivo
1411 1474 1568 1572 scriptor

426 1618 550 1694 neque
565 1597 882 1672 continuationem
897 1598 1052 1672 actionis
1067 1623 1190 1696 neque
1205 1597 1439 1673 iterationem
1450 1622 1517 1695 per
1527 1622 1568 1671 se

426 1720 564 1794 indicat
600 1721 668 1795 sed
705 1720 742 1794 id
779 1721 859 1819 agit
887 1735 928 1794 ut
954 1720 1141 1795 actionem
1170 1721 1412 1818 depingat,
1441 1719 1568 1793 animo

427 1839 577 1930 lectoris
615 1858 966 1939 repraesentet3
1003 1843 1049 1916 cs.
1079 1843 1280 1941 descriptio
1308 1841 1437 1918 classis
1464 1840 1568 1917 Pelo·

427 1963 633 2060 ponnesiae
675 1965 849 2040 turbatae
891 1965 924 2038 II
970 1969 1031 2060 84,
1073 1989 1116 2060 3·:
1155 1970 1199 2059 ὡς
1236 1963 1274 2043 δὲ
1307 1963 1343 2044 τό
1380 1997 1412 2042 τε
1439 1971 1569 2070 πνεῦμα

428 2087 577 2194 κατῄει
613 2089 675 2166 καὶ·
705 2091 742 2165 αι’
774 2070 847 2180 νῆες
879 2130 931 2143 --
959 2084 1250 2193 ἐταράσσοντο,
1280 2093 1337 2167 καὶ
1361 2091 1441 2180 νοιῦς
1469 2119 1501 2165 τε
1515 2093 1567 2177 νηὶ

426 2209 677 2313 προσέπιπτε
709 2215 766 2288 καὶ
793 2219 859 2304 τοῖς
886 2219 1011 2304 κοντοῖς
1038 2213 1301 2302 διεωθοῦντο,
1329 2215 1394 2316 βοῇ
1421 2241 1454 2289 τε
1482 2207 1568 2314 χρέν-

426 2362 516 2433 μενοι
545 2375 597 2387 -—
621 2329 988 2425 οὐδὲν-κατήκουον,
1010 2336 1067 2412 καὶ
1092 2377 1144 2388 -
1165 2332 1385 2436 οἷπειθεστέροις
1409 2327 1468 2424 τὰς
1489 2340 1569 2423 ναῦς

425 2463 640 2559 παρεῖχον,
675 2454 744 2533 τότε
779 2456 822 2543 δὴ
858 2462 950 2548 κτλ.;
980 2481 1027 2529 ex
1056 2482 1132 2553 quo
1161 2453 1244 2530 loco
1273 2451 1381 2528 simul
1410 2467 1591 2551 apparet.

427 2599 502 2648 non
525 2601 677 2673 semper
699 2577 818 2674 rigide
839 2576 982 2673 imperf.
1001 2577 1266 2674 descriptivum
1281 2576 1440 2650 discerni
1454 2591 1568 2673 posse

427 2721 451 2769 a
478 2697 650 2773 durativo
679 2699 759 2774 sive
787 2699 978 2793 iterativ03
1008 2701 1059 2773 sic
1088 2714 1216 2774 nostro
1244 2698 1328 2774 loco
1351 2698 1568 2796 imperfecta

426 2821 611 2924 προσέπιπτε
636 2837 674 2896 et
697 2824 884 2900 διεωθοῦντο
908 2847 1032 2919 aequo
1052 2823 1135 2921 jure
1159 2820 1332 2896 iterativa
1356 2835 1394 2894 et
1408 2819 1568 2917 descrip·
1652 2863 1657 2870 ·

426 2943 505 3017 tiva
527 2943 647 3037 dicas3
673 2959 870 3042 praeterea
884 2971 931 3020 ea
945 2970 1044 3042 quae
1060 2944 1323 3042 depinguntur,
1339 2941 1569 3039 aliquamdiu

426 3066 560 3141 durent
589 3082 742 3142 necesse
770 3082 849 3161 est3
878 3067 1096 3165 saepissime
1118 3066 1230 3165 igitur
1254 3065 1395 3164 ambigi
1416 3064 1566 3162 poterit,

426 3187 741 3285 descriptivumne
779 3215 827 3263 an
864 3189 1078 3265 durativum
1115 3214 1163 3263 an
1195 3188 1407 3263 iterativum
1435 3187 1568 3285 imper-

427 3310 565 3385 fectum
594 3312 786 3408 quoddam
814 3311 885 3385 dici
913 3327 1099 3408 oporteat.

482 3433 809 3508 Incohativum
838 3459 990 3532 quoque
1020 3434 1123 3532 quod
1151 3432 1282 3508 dicitur
1310 3432 1567 3531 imperfectum

428 3556 577 3653 proprie
591 3554 641 3628 nil
656 3571 713 3632 est
728 3555 795 3629 nisi
811 3557 1022 3631 durativum
1038 3556 1133 3654 (sive
1149 3554 1568 3654 descr.).1ncohativum

429 3693 556 3753 autem
580 3677 836 3775 imperfectum
865 3678 1031 3770 dicimus,
1058 3705 1143 3752 cum
1167 3704 1189 3752 e
1213 3692 1393 3752 contextu
1409 3690 1569 3774 apparet

427 3825 502 3874 non
545 3801 660 3874 modo
696 3801 852 3875 actionis
891 3827 1133 3900 progressum
1171 3801 1238 3874 sed
1276 3800 1390 3874 etiam
1426 3798 1568 3872 initium

427 3923 645 4021 imperfecto
673 3922 782 3998 simul
809 3923 1002 4015 contineri,
1026 3921 1130 3999 velut
1159 3923 1194 3996 V
1225 3929 1287 4018 65,
1319 3948 1343 4018 4
1371 3924 1428 4000 κοιὶ
1456 3920 1568 4023 οἷρικέ-

426 4076 523 4149 μενος
551 4046 628 4152 πρὲς
655 4045 715 4132 τὴν
745 4056 894 4150 Τεγεᾶτιν
921 4046 959 4124 τὸ
986 4042 1075 4150 ὕδωρ
1102 4047 1314 4150 ἐξέτρεπεν
1342 4047 1374 4138 ἐς
1401 4043 1460 4131 τὴν
1476 4055 1568 4121 Μαν-

425 4170 550 4254 τινικήν
592 4168 614 4243 i.
658 4193 691 4242 e.
737 4195 821 4241 cum
858 4168 894 4240 in
933 4193 1067 4266 agrum
1104 4168 1353 4266 Tegeaticum
1390 4167 1567 4254 venisset,

428 4291 584 4387 coepit
600 4315 737 4387 aquam
753 4290 924 4364 derivare
945 4289 1291 4388 etaliquamdiu
1314 4289 1569 4363 hociacere

428 4412 647 4512 perrexit.
678 4411 821 4486 Contra
849 4413 897 4486 ib.
927 4415 951 4509 ἓ
981 4435 1000 4507 5
1032 4416 1092 4491 και1
1117 4411 1217 4515 ὁμὲν
1241 4417 1356 4516 μείνας
1379 4407 1478 4489 αὐτοῦ
1501 4414 1571 4514 tupi

426 4537 462 4613 τὸ
485 4529 573 4639 ὕδωρ
597 4533 823 4639 ἐξέτρεπεν
847 4534 1103 4632 imperfectum
1128 4560 1230 4610 mere
1254 4534 1465 4610 durativum
1490 4549 1565 4609 est:
