3770 5662
836 513 883 598 77

288 718 428 793 sactum
452 717 555 814 quod
578 715 744 791 indutiae
758 731 1015 791 convenerunt
1029 732 1269 791 memoratur.
1287 716 1430 792 Contra

289 840 376 915 ibid.
412 843 436 938 ἓ
476 864 495 913 2
535 840 753 938 imperfecta
790 837 983 939 leguntur:
1020 845 1278 934 ξυνιτίθεντο
1305 839 1342 919 δὲ
1368 843 1431 920 καί

290 957 536 1043 ἐσπένδοντο
562 966 840 1067 Λακεδαιμονίων
860 961 920 1067 μὲν
942 965 1010 1041 οἶδε
1033 963 1254 1060 (sequuntur
1277 963 1431 1038 nomina

290 1083 501 1184 legatorum
523 1085 909 1160 Lacedaemoniorum
931 1099 969 1158 et
991 1083 1306 1182 Atheniensium).
1323 1085 1429 1160 Steu·

290 1207 372 1305 pius
408 1208 458 1283 ad
494 1232 581 1281 eum
618 1205 743 1282 locum
785 1206 857 1280 hoc
893 1220 1068 1282 annotat:
1117 1213 1331 1301 ,ξυνετίθεντο
1371 1215 1430 1287 καὶ

292 1330 491 1421 ἐσπένδοντο,
531 1329 694 1428 Imperii.
731 1355 801 1403 vor
835 1328 903 1404 der
931 1328 1052 1404 Reihe
1081 1330 1148 1404 der
1178 1329 1339 1423 Namen‚
1371 1331 1430 1406 bei

291 1453 406 1527 deren
439 1451 569 1552 jedem
610 1451 678 1527 der
722 1450 803 1526 Akt
844 1451 1172 1550 gewissermassen
1213 1451 1432 1529 wiederholt

291 1573 418 1649 wird''.
458 1574 633 1672 Steupius
670 1574 781 1674 igitur
816 1600 863 1649 ea
898 1573 1118 1672 imperfecta
1154 1600 1223 1672 pro
1253 1575 1431 1650 iterativis

292 1697 432 1772 habere
453 1697 619 1791 videtur;
650 1722 735 1772 mea
759 1711 886 1772 autem
908 1697 1085 1795 opinione
1106 1696 1325 1795 imperfecta
1346 1713 1432 1773 sunt

292 1818 534 1918 descriptiva:
564 1821 670 1918 ipsae
693 1820 906 1918 paciscendi
930 1819 1180 1895 caerimoniae
1203 1819 1432 1896 sollemniter

293 1941 562 2033 describuntur,
600 1943 690 2017 dum
725 1943 749 2038 ἓ
792 1967 806 2015 1
849 1941 994 2016 aoristis
1031 1965 1106 2016 non
1134 1941 1239 2040 ipsae
1265 1943 1432 2018 actiones

292 2065 548 2162 respiciuntur,
585 2064 654 2139 sed
691 2079 850 2139 eventus
884 2065 1113 2163 designatur.
1152 2064 1300 2140 Eadem
1337 2066 1431 2140 ratio

292 2187 488 2260 intercedit
515 2187 610 2262 inter
638 2186 797 2262 aoristos
825 2186 889 2284 qui
916 2185 1094 2286 leguntur
1116 2187 1152 2260 V
1181 2191 1238 2280 18,
1270 2213 1284 2260 1
1317 2219 1431 2268 σιιον·

293 2304 374 2402 δᾶς
410 2311 662 2396 ἐποιήσαντο
703 2303 866 2400 Ἀθηναῖοι
908 2316 965 2388 καὶ
1007 2309 1266 2414 Λακεδαιμόνιοι
1308 2313 1365 2389 καὶ
1403 2315 1433 2390 οἱ

293 2427 469 2537 ξύμμαχοι
498 2427 585 2511 κατὰ
612 2429 693 2513 τάδε
720 2433 778 2510 καὶ
807 2429 972 2536 ὤμοσαν
1002 2427 1089 2511 κατὰ
1111 2431 1218 2525 πόλεις
1240 2447 1278 2508 et
1299 2431 1432 2531 imper·

294 2553 390 2627 fecta
427 2580 527 2651 quae
561 2555 610 2629 de
648 2553 784 2629 eodem
822 2568 935 2651 pacto
972 2569 1198 2652 usurpantur
1233 2583 1264 2630 c.
1309 2581 1367 2650 19,
1409 2581 1428 2630 ο

293 2672 454 2780 ὤμνυον
490 2675 527 2755 δὲ
561 2679 628 2755 οἵδε
663 2683 720 2755 καὶ
754 2677 1000 2756 ἐσπένδοντο
1035 2679 1255 2775 (sequuntur
1289 2676 1432 2778 legato·

182 2873 187 2882 ,
294 2824 376 2871 rum
405 2799 582 2896 nomina).

399 3231 487 3326 §4
532 3230 603 3302 De
640 3228 940 3328 imperfecto
977 3229 1324 3328 inco·h-ativo¹).

348 3429 510 3502 Primum
538 3427 684 3525 aliquot
711 3429 885 3527 exempla
912 3457 1011 3528 quae
1033 3431 1136 3528 apud
1160 3446 1328 3505 nostrum
1351 3456 1433 3528 pas-

294 3553 364 3626 sim
392 3567 589 3626 occurrunt
618 3551 751 3627 afferre
779 3552 867 3626 mihi
895 3552 1024 3628 liceat:

348 3675 363 3747 1
392 3679 453 3766 26,
485 3695 503 3768 5
535 3679 580 3768 ὡς
608 3669 640 3752 d'
668 3670 728 3752 οὐκ
751 3675 918 3769 ἐπείθοντο,
943 3679 973 3754 οἱ
994 3674 1054 3782 μὲν
1080 3685 1272 3781 Κερκυραῖοι
1287 3721 1338 3732 -
1352 3679 1433 3756 εἰιο·

294 3797 486 3904 λιόρκουν
513 3797 574 3884 τὴν
601 3797 694 3877 πόλιν
718 3796 790 3872 ie.
822 3800 974 3893 „urbem
1003 3798 1238 3874 obsidere
1265 3825 1434 3897 coepe-

295 3918 461 4013 runt'';
489 3946 612 4018 aeque
640 3920 894 3995 incohativum
919 3936 976 3995 est
999 3921 1036 3995 id
1059 3921 1162 4019 imps.
1188 3921 1291 4020 quod
1314 3923 1433 4020 sequi-

293 4055 354 4116 tur
394 4043 440 4138 (c.
488 4063 548 4136 27,
593 4043 647 4138 1):
701 4049 857 4148 Κορίνθιοι
899 4043 935 4122 δὲ
977 4088 1029 4100 -
1070 4042 1434 4150 παρεσκευάζοντο

214 4259 222 4274 .
293 4161 447 4269 erpennio
475 4164 542 4244 ie.
578 4165 802 4259 „exercitum
830 4192 965 4242 ornare
993 4167 1236 4264 coeperunt''.

354 4291 444 4375 116,·
471 4310 491 4381 3
525 4295 685 4394 Περικλῆς
712 4287 749 4367 δὲ
776 4286 890 4395 λαβὼν
919 4291 1083 4383 ἐξήκοντα
1110 4297 1191 4383 ναῦς
1218 4333 1270 4345 -
1299 4287 1434 4396 ᾤχετο

334 4547 360 4616 1)
376 4547 417 4598 Cf.
435 4564 515 4615 supra
533 4565 560 4615 p.
579 4547 613 4598 26
631 4564 672 4614 sq.
