3770 5662
824 594 871 668 73

276 804 356 862 tum
372 786 582 886 significare
597 785 688 878 vult,
713 785 779 861 sed
803 786 923 884 ipsam
946 788 1132 862 actionem
1156 802 1314 861 eventus
1334 785 1417 861 rati-

278 934 351 984 one
385 933 460 983 non
499 909 627 983 habita
663 907 871 1005 exprimere
907 909 1033 983 studet
1049 910 1085 1006 l).
1119 908 1205 982 Huc
1232 909 1419 1006 pertinent

278 1033 314 1106 hi
342 1031 433 1108 loci:

331 1157 364 1228 ll
404 1177 465 1251 71,
508 1179 526 1228 2
567 1163 763 1247 Παυσανίας
789 1199 842 1210 -
870 1149 972 1247 θύσας
1007 1151 1075 1260 ἰεροί
1112 1157 1169 1234 καί
1208 1153 1418 1257 ξυγκαλέσας

277 1275 402 1370 ιτοίντας
433 1274 509 1369 τοὺς
542 1273 744 1382 ξυμμάχους
779 1277 979 1359 αἰτεδίδου
1016 1284 1224 1365 Πλαταιεῦσι,
1260 1289 1324 1380 γῆν
1359 1283 1417 1354 καί

276 1401 369 1480 πόλιν
403 1399 463 1487 τὴν
497 1401 647 1506 σφετέραν
682 1397 820 1505 ἔχοντας
857 1397 1059 1504 αὐτονόμους
1095 1406 1191 1478 οἰκεῖν
1224 1405 1310 1492 κτλ,
1341 1426 1417 1498 quo

277 1524 360 1598 loco
384 1523 560 1621 Steupius
584 1537 759 1597 annotat:
791 1522 967 1617 „oinedidov
993 1524 1177 1622 Imperi.
1204 1523 1286 1598 der
1311 1523 1418 1596 dau-

278 1647 449 1721 ernden
480 1646 833 1744 Fortwirkung‚
859 1647 929 1721 wie
949 1647 1002 1721 sie
1024 1647 1120 1721 auch
1141 1647 1192 1720 im
1214 1647 1276 1720 inf.
1294 1671 1414 1744 praes.

277 1773 373 1847 οἰκεῖν
397 1768 701 1866 ausgesprochen
726 1769 809 1843 ist'’.
836 1770 1020 1845 Infinitivo
1045 1770 1252 1868 praesentis
1266 1773 1362 1847 οἰκεῖν
1377 1793 1418 1841 re

277 1917 368 1967 vera
404 1891 568 1966 conditio
596 1893 813 1967 continuata
841 1893 1071 1990 significatur
1100 1892 1213 1990 (infin.
1245 1917 1323 1965 aor.
1354 1891 1417 1988 qui
1458 1913 1461 1920 ·

277 2014 444 2112 sequitur
466 2023 654 2120 στρατεῦσαι
679 2016 907 2113 ingressivus
930 2034 999 2109 est,
1025 2017 1118 2090 sicut
1140 2015 1290 2113 saepius
1313 2013 1418 2088 verbi

278 2132 455 2242 στρατεύειν
479 2137 623 2211 formae
651 2138 848 2213 aoristicae
876 2139 952 2212 vim
980 2138 1227 2238 ingressivam
1255 2135 1415 2209 habent:

283 2259 580 2358 „expeditionem
604 2259 746 2358 inire'').
774 2260 888 2356 Quod
913 2275 1040 2335 autem
1064 2259 1114 2333 ad
1141 2259 1243 2356 impl.
1260 2257 1415 2336 οἰπεδίδου

279 2384 423 2474 attinet,
449 2382 521 2457 hoc
546 2383 697 2481 quidem
720 2401 822 2458 recte
846 2385 962 2458 sensit
984 2411 1020 2459 v.
1034 2410 1064 2457 c.
1091 2382 1266 2480 Steupius
1287 2397 1416 2454 nostro

277 2503 362 2579 loco
385 2531 454 2603 pro
479 2506 698 2604 imperfecto
722 2506 878 2586 oimdr'dov
900 2505 1083 2604 („ver1ieh
1111 2506 1172 2580 die
1200 2504 1417 2604 Vergdnsti-

278 2627 475 2726 gungen”)
512 2629 691 2704 aoristum
719 2629 843 2727 potius
871 2629 1071 2727 expectari,
1102 2629 1190 2727 quia
1219 2628 1341 2726 agitur
1369 2626 1417 2700 de

278 2749 467 2824 beneficiis
491 2767 593 2826 certo
617 2753 798 2850 temporis
819 2766 1013 2827 momento
1035 2752 1070 2824 in
1089 2749 1330 2825 Plataeenses
1344 2746 1420 2822 col-

279 2870 374 2946 latis.
412 2872 490 2947 Sed
527 2873 565 2947 id
600 2875 703 2972 quod
731 2875 825 2949 haec
853 2874 1034 2949 beneficia
1062 2875 1098 2947 in
1127 2899 1239 2947 omne
1267 2888 1417 2968 tempus

279 2993 436 3069 [ruenda
463 2996 554 3070 data
582 3012 680 3088 sunt,
709 2998 797 3076 mihi
827 2998 978 3094 quidem
1007 2998 1057 3070 ad
1079 2996 1285 3094 imperfecti
1309 3019 1416 3069 usum

279 3117 431 3192 omnino
468 3117 556 3198 nihil
591 3120 716 3194 facere
743 3119 901 3194 videtur.
930 3119 1018 3218 Ego
1046 3119 1171 3217 potius
1199 3117 1418 3216 imperfecto

278 3241 443 3336 graviter
465 3257 503 3315 et
523 3240 752 3317 sollemniter
774 3237 892 3340 (θύσας
905 3287 957 3296 --
972 3243 1183 3346 ξυγκαλέσας
1203 3243 1270 3338 -)
1290 3266 1313 3313 a
1338 3237 1417 3312 Pla-

279 3363 486 3438 taeensium
524 3362 659 3462 legatis
688 3365 892 3440 describi
920 3365 1080 3440 arbitror
1108 3380 1250 3464 quanta
1278 3361 1366 3438 olim
1396 3387 1419 3435 a

280 3485 590 3561 Lacedaemoniis
613 3488 753 3564 civitati
777 3487 1050 3564 Plataeensium
1073 3489 1211 3563 tributa
1234 3488 1318 3575 sint,
1341 3511 1420 3582 quo

280 3609 405 3706 magis
436 3627 621 3708 appareat
654 3627 796 3710 quanta
824 3613 955 3711 injuria
982 3637 1079 3685 nunc
1107 3612 1156 3685 ab
1187 3609 1418 3684 Archidamo

280 3732 432 3829 suisque
473 3734 682 3809 afficiantur
719 3734 835 3832 (impl.
875 3737 1028 3832 deser.);
1067 3735 1201 3808 eadem
1237 3759 1297 3807 res
1334 3757 1418 3805 cum

282 3855 496 3954 simpliciter
519 3874 758 3950 memoratur,
786 3859 924 3932 aoristo
948 3856 1178 3954 significatur
1202 3857 1240 3953 (ἕ
1259 3858 1316 3952 gl:
1341 3853 1419 3932 τοίδε

280 3977 340 4083 μὲν
368 3983 449 4084 ἡμῖν
476 3981 607 4085 πατέρες
636 3985 666 4058 οἰ
693 3981 837 4086 ὑμέτεροι
866 3977 1021 4059 ἔδοσαν
1053 3986 1125 4057 κτλ.
1226 4048 1229 4052 ,

336 4101 433 4177 Fere
466 4102 566 4177 idem
594 4102 696 4177 valet
723 4104 772 4178 de
800 4102 883 4178 loco
913 4105 963 4176 ΙΙΙ
995 4105 1056 4197 58,
1088 4124 1107 4197 5
1139 4107 1333 4192 Παυσανίας
1360 4097 1420 4203 μὲν

320 4461 347 4529 1)
375 4462 416 4512 Cf.
440 4461 523 4512 Blass.
545 4460 592 4512 l.l.
614 4477 641 4525 p.
663 4457 716 4524 428
740 4457 854 4524 „-Und
875 4457 968 4524 semer,
988 4455 1071 4506 wird
1091 4455 1147 4504 die
1168 4452 1355 4518 Handlung
1373 4450 1423 4501 als

283 4548 473 4612 Handlung
497 4547 718 4614 angeschaut‚
742 4561 771 4596 so
797 4546 831 4596 ist
852 4545 918 4595 auch
942 4543 1017 4594 dafdr
1042 4542 1088 4592 das
1107 4543 1224 4608 Prasens,
1243 4541 1307 4591 bzw.
1327 4541 1424 4605 Imper-

284 4635 349 4703 t'elrt,
367 4636 410 4686 die
429 4633 534 4686 Form.”

1348 4737 1362 4793 7
