3770 5662
985 564 1034 632 66

439 777 605 870 casibus3
640 775 686 850 cf.
724 774 815 850 VIII
858 798 916 868 14,
959 775 1014 871 ι),
1050 787 1130 846 tum
1165 785 1374 869 protaseos'
1391 758 1606 868 praedica-¹

439 915 518 974 tum
559 912 618 973 est
657 897 849 995 optativus
889 895 1081 971 iterativus
1120 891 1241 991 (velut
1281 891 1373 980 locis
1412 891 1583 991 proxime

440 993 626 1118 laudatis),
669 1020 761 1113 sive,
808 1043 930 1117 aeque
971 1043 1016 1093 ac
1056 1017 1283 1116 apodoseos‚
1325 1015 1582 1121 imperfectum

440 1142 664 1231 iterativum,
701 1139 804 1217 velut
841 1140 876 1215 II
916 1163 979 1236 52,
1011 1165 1031 1214 2
1061 1136 1235 1219 ἔθαπτον
1264 1137 1301 1217 δὲ
1329 1143 1380 1232 ὡς
1407 1134 1586 1229 ἕκαστος

441 1260 616 1344 ε’δῦνοιτο
643 1280 682 1340 et
710 1263 764 1340 IV
795 1286 858 1359 35,
891 1288 910 1337 2
941 1263 1026 1342 ὅσοι
1053 1261 1115 1366 μὲν
1142 1263 1385 1366 ὑποχωροῦντες
1413 1263 1585 1365 ἐγκατε-

441 1381 729 1492 λαμβοένοντο,
758 1384 1040 1492 ἀπέθνῃσκον.

450 1580 452 1590 ,
497 1507 585 1584 Huc
605 1507 792 1607 pertinent
813 1507 927 1583 etiam
951 1506 989 1580 hi
1011 1506 1088 1580 duo
1109 1505 1199 1582 loci:
1226 1506 1279 1579 IV
1298 1508 1359 1597 28,
1378 1530 1397 1601 3
1421 1509 1451 1584 οἱ
1469 1505 1519 1599 δέ,
1534 1549 1586 1561 -

442 1630 519 1734 ἕσῳ
546 1636 712 1735 μᾶλλον
740 1637 759 1708 ὁ
786 1629 898 1708 Κλέων
926 1629 1125 1733 ὑπέφευγε
1152 1629 1207 1706 τδν
1234 1635 1335 1706 πλοῦν
1363 1633 1421 1706 καὶ
1451 1631 1587 1722 ἐξανε·

442 1751 565 1858 χώρει
592 1746 635 1837 toi
663 1751 827 1858 εἰρημένα,
854 1750 957 1854 τόσῳ
986 1747 1277 1833 ἐπεκελεύοντο
1298 1765 1343 1861 τῷ
1367 1754 1469 1853 Νικίᾳ
1492 1757 1586 1845 κτλ,

441 1873 534 1950 VIII
562 1898 623 1968 24,
652 1898 677 1968 4
704 1874 781 1978 ὅσῳ
809 1874 1002 1953 ἐπεδίδου
1030 1879 1053 1960 n‘
1080 1873 1173 1967 πόλις
1197 1870 1306 1966 αὐτοῖς
1329 1875 1377 1953 ἐπὶ
1400 1874 1435 1951 τδ
1459 1883 1586 1978 μεῖςον,

442 1995 545 2101 τόσῳ
573 2002 631 2075 καὶ
659 1998 909 2100 ἐκοσμοῦντο
936 1993 1151 2102 ἐχυρώτερον,
1180 1996 1315 2095 quibus
1337 1994 1428 2070 locis
1449 2012 1527 2072 tam
1551 1997 1588 2072 in

443 2117 584 2218 protasi
605 2143 719 2217 quam
735 2117 773 2194 in
788 2117 949 2216 apodosi
962 2117 1188 2215 imperfectis
1202 2118 1459 2215 exprimuntur
1474 2120 1585 2195 actio-

444 2265 511 2316 nes
531 2240 568 2314 in
592 2238 745 2339 singulis
759 2239 1042 2339 repetitionibus
1056 2239 1178 2337 magis
1194 2239 1391 2338 magisque
1406 2240 1582 2316 intentae.

499 2359 763 2460 Imperfectum
798 2387 949 2460 semper
983 2361 1194 2436 iterativum
1236 2376 1306 2452 est,
1349 2363 1411 2436 ubi
1453 2361 1590 2462 legitur

445 2483 621 2582 adjuncta
641 2481 822 2581 particula
846 2488 935 2562 αἰεί.
967 2483 1037 2557 Cui
1064 2483 1148 2558 voci
1177 2483 1239 2558 ubi
1267 2498 1418 2582 tempus
1445 2485 1589 2559 histori-

445 2629 530 2682 cum
565 2604 792 2704 adjungitur,
821 2602 1042 2703 plerumque
1070 2605 1107 2679 id
1135 2620 1284 2703 tempus
1312 2622 1369 2681 est
1397 2606 1589 2704 imperfec-

444 2743 524 2806 tum
547 2727 799 2826 (iteratiuum).
825 2726 916 2802 Loci
940 2728 1041 2824 apud
1066 2743 1234 2802 nostrum
1256 2728 1328 2802 huc
1357 2730 1588 2827 pertinentes

445 2864 531 2927 sunt
566 2850 622 2924 hi:
659 2850 674 2924 1
717 2874 751 2939 2,
793 2874 813 2946 3
848 2865 886 2924 ct
916 2872 959 2945 53
995 2874 1053 2944 13,
1085 2872 1128 2945 5³
1164 2855 1222 2944 18,
1258 2877 1298 2944 13
1330 2857 1392 2945 60,
1426 2877 1467 2948 23
1505 2873 1588 2948 107,

448 2973 639 3069 33II15‚
672 2973 1516 3071 1322,2;88‚2311123‚2;64‚4;77‚
1549 3002 1587 3070 13

446 3095 499 3170 IV
530 3119 592 3190 32,
622 3119 668 3189 τι
699 3117 760 3190 53,
794 3119 834 3188 τι
866 3116 928 3190 55,
961 3118 1001 3188 23
1033 3097 1095 3190 78,
1127 3120 1170 3189 2³
1203 3096 1238 3168 V
1269 3120 1335 3190 sn-
1364 3121 1407 3191 τι
1440 3097 1493 3172 Vl
1525 3120 1587 3193 53,

439 3239 487 3315 33
517 3221 582 3306 88,
614 3243 656 3312 13
689 3241 752 3311 99,
788 3242 802 3292 1
835 3218 926 3315 (quo
953 3214 1038 3292 loco
1066 3233 1220 3316 propter
1247 3245 1382 3295 vocem
1411 3225 1585 3299 ciricum

445 3339 631 3415 Vaticano
667 3337 768 3436 impf.
806 3340 1035 3444 παρέβαλλον
1068 3337 1272 3438 legendum
1301 3358 1368 3431 est,
1400 3366 1475 3416 non
1505 3368 1584 3417 aor.

444 3463 649 3567 παρέβαλον
673 3487 788 3561 quem
812 3461 924 3538 ceteri
945 3462 1055 3537 codd.
1080 3462 1277 3557 exhibent3
1308 3489 1441 3538 omnes
1470 3465 1586 3539 edito·

445 3609 516 3678 res
539 3583 644 3686 quod
662 3584 790 3677 sciam,
812 3583 1070 3681 imperfectum
1092 3588 1347 3684 receperunt);
1369 3586 1586 3683 V1171,3;

444 3706 537 3782 VIII
576 3711 639 3800 69,
682 3732 723 3801 13
764 3711 825 3802 85,
864 3730 898 3801 3.
938 3706 1025 3782 Huc
1052 3707 1239 3805 pertinent
1266 3708 1381 3784 etiam
1409 3710 1485 3784 duo
1514 3708 1586 3785 loci

446 3830 580 3928 quibus
602 3828 834 3932 plqpiectum
857 3829 941 3904 voci
964 3834 1027 3908 αἰεί
1048 3830 1266 3929 adjunctum
1289 3848 1367 3907 est:
1394 3832 1446 3905 IV
1473 3838 1534 3928 56,
1565 3858 1583 3906 2

446 3947 623 4031 ἕστασαν
657 3951 724 4048 (sic
752 3951 851 4026 enim
878 3949 967 4050 lego
997 3977 1082 4026 cum
1110 3952 1265 4052 Steupio
1295 3969 1332 4028 et
1361 3955 1589 4052 quibusdam

447 4074 569 4164 codd..
592 4098 667 4148 non
691 4079 857 4153 ἑστᾶσιν
880 4074 983 4171 quod
1007 4073 1155 4150 Hudius
1177 4075 1346 4150 ecetcris
1361 4078 1471 4152 codd.
1488 4103 1587 4153 rece·

448 4197 516 4297 pit)
538 4211 577 4272 et
599 4200 663 4297 80,
689 4221 708 4292 3
735 4198 1032 4290 καθειστήκει,
1054 4194 1233 4295 plqpfecti
1258 4199 1357 4273 enim
1371 4200 1428 4274 vis
1442 4215 1587 4299 tempo·

448 4318 535 4395 ralis
571 4319 706 4398 eodem
740 4319 836 4394 redit
873 4334 989 4417 atque
1026 4319 1241 4418 imperfecti.
1277 4321 1403 4397 Semel
1430 4338 1589 4413 tantum,

448 4441 517 4518 nisi
553 4439 675 4536 failor,
700 4441 786 4518 voci
814 4447 878 4522 αἰεί
902 4441 1063 4518 aoristus
1089 4443 1289 4541 adjunctus
1316 4460 1395 4520 est:
1426 4447 1442 4519 I
1478 4450 1535 4540 18,
1568 4471 1588 4541 3

449 4561 528 4646 diors
556 4561 620 4643 οἷπδ
647 4578 710 4646 τῶν
739 4567 900 4653 Μηδικῶν
929 4567 961 4658 ἐς
988 4565 1080 4645 τόνδε
1108 4568 1187 4646 αἰεὶ
1214 4567 1269 4646 τδν
1298 4568 1439 4672 πόλεμον
1466 4565 1591 4674 τὰμὲν
