<?xml version="1.0" encoding="UTF-8"?>
<!DOCTYPE html PUBLIC "-//W3C//DTD XHTML 1.0 Transitional//EN"
    "http://www.w3.org/TR/xhtml1/DTD/xhtml1-transitional.dtd">
<html xmlns="http://www.w3.org/1999/xhtml" xml:lang="en" lang="en">
 <head>
  <title>
</title>
<meta http-equiv="Content-Type" content="text/html;charset=utf-8" />
  <meta name='ocr-system' content='tesseract 3.04.00' />
  <meta name='ocr-capabilities' content='ocr_page ocr_carea ocr_par ocr_line ocrx_word'/>
</head>
<body>
  <div class='ocr_page' id='page_1' title='image "./deimperfectieta00hillgoog_0119.png"; bbox 0 0 3770 5662; ppageno 0'>
   <div class='ocr_carea' id='block_1_1' title="bbox 998 597 1071 652">
    <p class='ocr_par' dir='ltr' id='par_1_1' title="bbox 998 597 1071 652">
     <span class='ocr_line' id='line_1_1' title="bbox 998 597 1071 652; baseline 0.027 -2"><span class='ocrx_word' id='word_1_1' title='bbox 998 597 1071 652; x_wconf 90' lang='lat'>100</span> 
     </span>
    </p>
   </div>
   <div class='ocr_carea' id='block_1_2' title="bbox 461 788 1613 4687">
    <p class='ocr_par' dir='ltr' id='par_1_2' title="bbox 461 788 1606 2972">
     <span class='ocr_line' id='line_1_2' title="bbox 461 788 1603 889; baseline -0.003 -22"><span class='ocrx_word' id='word_1_2' title='bbox 461 791 633 889; x_wconf 89' lang='lat' dir='ltr'>occurrit)</span> <span class='ocrx_word' id='word_1_3' title='bbox 674 790 835 866; x_wconf 91' lang='lat' dir='ltr'>aoristus</span> <span class='ocrx_word' id='word_1_4' title='bbox 877 789 1087 882; x_wconf 83' lang='lat' dir='ltr'><strong>adhibetur,</strong></span> <span class='ocrx_word' id='word_1_5' title='bbox 1130 816 1206 888; x_wconf 94' lang='lat' dir='ltr'>quo</span> <span class='ocrx_word' id='word_1_6' title='bbox 1244 788 1402 888; x_wconf 83' lang='lat' dir='ltr'><strong>simplex</strong></span> <span class='ocrx_word' id='word_1_7' title='bbox 1440 790 1603 865; x_wconf 92' lang='lat' dir='ltr'>edictum</span> 
     </span>
     <span class='ocr_line' id='line_1_3' title="bbox 461 909 1603 1016; baseline 0 -29"><span class='ocrx_word' id='word_1_8' title='bbox 461 912 661 1006; x_wconf 84' lang='lat' dir='ltr'>nuntietur,</span> <span class='ocrx_word' id='word_1_9' title='bbox 699 914 891 1011; x_wconf 91' lang='lat' dir='ltr'>quomodo</span> <span class='ocrx_word' id='word_1_10' title='bbox 928 913 1041 988; x_wconf 91' lang='lat' dir='ltr'>etiam</span> <span class='ocrx_word' id='word_1_11' title='bbox 1083 914 1189 987; x_wconf 88' lang='lat' dir='ltr'>verbi</span> <span class='ocrx_word' id='word_1_12' title='bbox 1231 909 1401 1016; x_wconf 71' lang='grc' dir='ltr'><em>κηρύσσειν</em></span> <span class='ocrx_word' id='word_1_13' title='bbox 1442 912 1603 988; x_wconf 86' lang='lat' dir='ltr'>aoristus</span> 
     </span>
     <span class='ocr_line' id='line_1_4' title="bbox 462 1034 1603 1134; baseline 0.004 -24"><span class='ocrx_word' id='word_1_14' title='bbox 462 1051 662 1134; x_wconf 90' lang='lat' dir='ltr'>usurpatur</span> <span class='ocrx_word' id='word_1_15' title='bbox 698 1036 751 1108; x_wconf 93' lang='lat' dir='ltr'>IV</span> <span class='ocrx_word' id='word_1_16' title='bbox 790 1055 851 1132; x_wconf 89' lang='lat'>37,</span> <span class='ocrx_word' id='word_1_17' title='bbox 884 1060 902 1108; x_wconf 87' lang='lat'>2</span> <span class='ocrx_word' id='word_1_18' title='bbox 935 1051 972 1109; x_wconf 91' lang='lat' dir='ltr'>et</span> <span class='ocrx_word' id='word_1_19' title='bbox 1000 1035 1035 1107; x_wconf 90' lang='lat' dir='ltr'><strong>V</strong></span> <span class='ocrx_word' id='word_1_20' title='bbox 1071 1057 1155 1130; x_wconf 87' lang='lat'>115,</span> <span class='ocrx_word' id='word_1_21' title='bbox 1190 1062 1222 1110; x_wconf 89' lang='lat'>2.</span> <span class='ocrx_word' id='word_1_22' title='bbox 1255 1034 1390 1109; x_wconf 90' lang='lat' dir='ltr'><strong>Utrum</strong></span> <span class='ocrx_word' id='word_1_23' title='bbox 1418 1037 1523 1111; x_wconf 85' lang='lat' dir='ltr'>verbi</span> <span class='ocrx_word' id='word_1_24' title='bbox 1551 1038 1603 1114; x_wconf 75' lang='grc' dir='ltr'>κἐ-</span> 
     </span>
     <span class='ocr_line' id='line_1_5' title="bbox 463 1154 1602 1255; baseline -0.005 -18"><span class='ocrx_word' id='word_1_25' title='bbox 463 1154 563 1237; x_wconf 80' lang='grc' dir='ltr'>λεθειν</span> <span class='ocrx_word' id='word_1_26' title='bbox 593 1158 696 1255; x_wconf 87' lang='lat' dir='ltr'>impf.</span> <span class='ocrx_word' id='word_1_27' title='bbox 726 1184 774 1232; x_wconf 94' lang='lat' dir='ltr'>an</span> <span class='ocrx_word' id='word_1_28' title='bbox 800 1158 979 1232; x_wconf 89' lang='lat' dir='ltr'>aoristum</span> <span class='ocrx_word' id='word_1_29' title='bbox 1003 1156 1062 1231; x_wconf 90' lang='lat' dir='ltr'>hic</span> <span class='ocrx_word' id='word_1_30' title='bbox 1085 1158 1318 1255; x_wconf 86' lang='lat' dir='ltr'>recipiamus,</span> <span class='ocrx_word' id='word_1_31' title='bbox 1343 1182 1458 1232; x_wconf 86' lang='lat' dir='ltr'>exeo</span> <span class='ocrx_word' id='word_1_32' title='bbox 1481 1156 1602 1232; x_wconf 92' lang='lat' dir='ltr'>solum</span> 
     </span>
     <span class='ocr_line' id='line_1_6' title="bbox 464 1281 1605 1380; baseline -0.002 -24"><span class='ocrx_word' id='word_1_33' title='bbox 464 1281 630 1379; x_wconf 90' lang='lat' dir='ltr'>pendere</span> <span class='ocrx_word' id='word_1_34' title='bbox 667 1281 793 1373; x_wconf 87' lang='lat' dir='ltr'>debet,</span> <span class='ocrx_word' id='word_1_35' title='bbox 831 1282 1088 1380; x_wconf 89' lang='lat' dir='ltr'>requiraturne</span> <span class='ocrx_word' id='word_1_36' title='bbox 1125 1281 1247 1355; x_wconf 85' lang='lat' dir='ltr'>sorma</span> <span class='ocrx_word' id='word_1_37' title='bbox 1281 1281 1318 1354; x_wconf 93' lang='lat' dir='ltr'>vi</span> <span class='ocrx_word' id='word_1_38' title='bbox 1346 1282 1605 1378; x_wconf 89' lang='lat' dir='ltr'>exspectativa</span> 
     </span>
     <span class='ocr_line' id='line_1_7' title="bbox 462 1402 1605 1503; baseline 0.003 -28"><span class='ocrx_word' id='word_1_39' title='bbox 462 1402 635 1500; x_wconf 88' lang='lat' dir='ltr'>praedita</span> <span class='ocrx_word' id='word_1_40' title='bbox 663 1427 794 1478; x_wconf 90' lang='lat' dir='ltr'>necne.</span> <span class='ocrx_word' id='word_1_41' title='bbox 819 1403 910 1478; x_wconf 91' lang='lat' dir='ltr'>Mea</span> <span class='ocrx_word' id='word_1_42' title='bbox 931 1418 1058 1477; x_wconf 89' lang='lat' dir='ltr'>autem</span> <span class='ocrx_word' id='word_1_43' title='bbox 1083 1403 1260 1500; x_wconf 92' lang='lat' dir='ltr'>opinione</span> <span class='ocrx_word' id='word_1_44' title='bbox 1282 1427 1323 1476; x_wconf 91' lang='lat' dir='ltr'>re</span> <span class='ocrx_word' id='word_1_45' title='bbox 1346 1428 1436 1477; x_wconf 91' lang='lat' dir='ltr'>vera</span> <span class='ocrx_word' id='word_1_46' title='bbox 1461 1403 1605 1503; x_wconf 85' lang='lat' dir='ltr'>formae</span> 
     </span>
     <span class='ocr_line' id='line_1_8' title="bbox 462 1522 1604 1624; baseline 0 -25"><span class='ocrx_word' id='word_1_47' title='bbox 462 1525 755 1624; x_wconf 89' lang='lat' dir='ltr'>exspectativae,</span> <span class='ocrx_word' id='word_1_48' title='bbox 794 1525 817 1600; x_wconf 94' lang='lat' dir='ltr'>i.</span> <span class='ocrx_word' id='word_1_49' title='bbox 834 1552 867 1601; x_wconf 93' lang='lat' dir='ltr'>e.</span> <span class='ocrx_word' id='word_1_50' title='bbox 901 1525 1132 1624; x_wconf 85' lang='lat' dir='ltr'>imperfecto,</span> <span class='ocrx_word' id='word_1_51' title='bbox 1161 1524 1220 1598; x_wconf 95' lang='lat' dir='ltr'>hic</span> <span class='ocrx_word' id='word_1_52' title='bbox 1247 1522 1352 1599; x_wconf 93' lang='lat' dir='ltr'>locus</span> <span class='ocrx_word' id='word_1_53' title='bbox 1379 1540 1456 1599; x_wconf 91' lang='lat' dir='ltr'>est:</span> <span class='ocrx_word' id='word_1_54' title='bbox 1485 1525 1604 1600; x_wconf 82' lang='lat' dir='ltr'>Brasi-</span> 
     </span>
     <span class='ocr_line' id='line_1_9' title="bbox 464 1644 1605 1746; baseline 0.001 -25"><span class='ocrx_word' id='word_1_55' title='bbox 464 1648 534 1721; x_wconf 91' lang='lat' dir='ltr'>das</span> <span class='ocrx_word' id='word_1_56' title='bbox 563 1647 872 1740; x_wconf 68' lang='lat' dir='ltr'>Atheniensibus</span> <span class='ocrx_word' id='word_1_57' title='bbox 898 1648 960 1745; x_wconf 93' lang='lat' dir='ltr'>qui</span> <span class='ocrx_word' id='word_1_58' title='bbox 985 1647 1140 1746; x_wconf 90' lang='lat' dir='ltr'>Lecythi</span> <span class='ocrx_word' id='word_1_59' title='bbox 1162 1648 1200 1721; x_wconf 94' lang='lat' dir='ltr'>in</span> <span class='ocrx_word' id='word_1_60' title='bbox 1223 1647 1410 1744; x_wconf 87' lang='lat' dir='ltr'>praesidio</span> <span class='ocrx_word' id='word_1_61' title='bbox 1434 1644 1605 1722; x_wconf 90' lang='lat' dir='ltr'>collocati</span> 
     </span>
     <span class='ocr_line' id='line_1_10' title="bbox 462 1769 1604 1867; baseline 0.001 -24"><span class='ocrx_word' id='word_1_62' title='bbox 462 1784 562 1862; x_wconf 89' lang='lat' dir='ltr'>sunt,</span> <span class='ocrx_word' id='word_1_63' title='bbox 591 1771 761 1846; x_wconf 87' lang='lat' dir='ltr'>suadet</span> <span class='ocrx_word' id='word_1_64' title='bbox 787 1785 829 1845; x_wconf 92' lang='lat' dir='ltr'>ut</span> <span class='ocrx_word' id='word_1_65' title='bbox 855 1769 1060 1844; x_wconf 85' lang='lat' dir='ltr'>incolumes</span> <span class='ocrx_word' id='word_1_66' title='bbox 1088 1769 1303 1859; x_wconf 80' lang='lat' dir='ltr'>discedant,-</span> <span class='ocrx_word' id='word_1_67' title='bbox 1323 1795 1398 1846; x_wconf 93' lang='lat' dir='ltr'>non</span> <span class='ocrx_word' id='word_1_68' title='bbox 1427 1770 1604 1867; x_wconf 68' lang='lat' dir='ltr'>imperat,</span> 
     </span>
     <span class='ocr_line' id='line_1_11' title="bbox 465 1890 1603 1986; baseline 0.002 -21"><span class='ocrx_word' id='word_1_69' title='bbox 465 1890 602 1966; x_wconf 88' lang='lat' dir='ltr'>licebat</span> <span class='ocrx_word' id='word_1_70' title='bbox 640 1893 739 1967; x_wconf 93' lang='lat' dir='ltr'>enim</span> <span class='ocrx_word' id='word_1_71' title='bbox 776 1891 846 1967; x_wconf 93' lang='lat' dir='ltr'>illis</span> <span class='ocrx_word' id='word_1_72' title='bbox 881 1893 993 1968; x_wconf 89' lang='lat' dir='ltr'>etiam</span> <span class='ocrx_word' id='word_1_73' title='bbox 1031 1909 1110 1967; x_wconf 90' lang='lat' dir='ltr'>tum</span> <span class='ocrx_word' id='word_1_74' title='bbox 1142 1918 1221 1967; x_wconf 91' lang='lat' dir='ltr'>rem</span> <span class='ocrx_word' id='word_1_75' title='bbox 1250 1892 1362 1966; x_wconf 89' lang='lat' dir='ltr'>armis</span> <span class='ocrx_word' id='word_1_76' title='bbox 1388 1892 1603 1986; x_wconf 88' lang='lat' dir='ltr'>decernere,</span> 
     </span>
     <span class='ocr_line' id='line_1_12' title="bbox 467 2015 1605 2113; baseline 0.001 -25"><span class='ocrx_word' id='word_1_77' title='bbox 467 2015 570 2112; x_wconf 92' lang='lat' dir='ltr'>quod</span> <span class='ocrx_word' id='word_1_78' title='bbox 593 2040 633 2089; x_wconf 92' lang='lat' dir='ltr'>re</span> <span class='ocrx_word' id='word_1_79' title='bbox 656 2040 748 2090; x_wconf 91' lang='lat' dir='ltr'>vera</span> <span class='ocrx_word' id='word_1_80' title='bbox 769 2015 909 2090; x_wconf 81' lang='lat' dir='ltr'>faciunt</span> <span class='ocrx_word' id='word_1_81' title='bbox 933 2015 992 2110; x_wconf 83' lang='lat' dir='ltr'>(cs.</span> <span class='ocrx_word' id='word_1_82' title='bbox 1017 2039 1064 2088; x_wconf 95' lang='lat' dir='ltr'>ea</span> <span class='ocrx_word' id='word_1_83' title='bbox 1087 2040 1184 2113; x_wconf 90' lang='lat' dir='ltr'>quae</span> <span class='ocrx_word' id='word_1_84' title='bbox 1207 2016 1438 2112; x_wconf 90' lang='lat' dir='ltr'>sequuntur).</span> <span class='ocrx_word' id='word_1_85' title='bbox 1463 2015 1605 2089; x_wconf 86' lang='lat' dir='ltr'>Contra</span> 
     </span>
     <span class='ocr_line' id='line_1_13' title="bbox 466 2135 1605 2236; baseline 0 -25"><span class='ocrx_word' id='word_1_86' title='bbox 466 2135 611 2235; x_wconf 85' lang='lat' dir='ltr'>Steupii</span> <span class='ocrx_word' id='word_1_87' title='bbox 655 2137 1021 2236; x_wconf 87' lang='lat' dir='ltr'>argumentationem</span> <span class='ocrx_word' id='word_1_88' title='bbox 1070 2152 1164 2234; x_wconf 33' lang='lat' dir='ltr'>apte,</span> <span class='ocrx_word' id='word_1_89' title='bbox 1200 2137 1322 2212; x_wconf 84' lang='lat' dir='ltr'>afferri</span> <span class='ocrx_word' id='word_1_90' title='bbox 1363 2163 1476 2236; x_wconf 93' lang='lat' dir='ltr'>posse</span> <span class='ocrx_word' id='word_1_91' title='bbox 1516 2137 1605 2211; x_wconf 93' lang='lat' dir='ltr'>mihi</span> 
     </span>
     <span class='ocr_line' id='line_1_14' title="bbox 467 2255 1605 2366; baseline 0.003 -30"><span class='ocrx_word' id='word_1_92' title='bbox 467 2260 615 2336; x_wconf 87' lang='lat' dir='ltr'>videtur</span> <span class='ocrx_word' id='word_1_93' title='bbox 645 2261 697 2334; x_wconf 91' lang='grc' dir='ltr'>ΙΙΙ</span> <span class='ocrx_word' id='word_1_94' title='bbox 729 2282 790 2356; x_wconf 87' lang='lat'>55,</span> <span class='ocrx_word' id='word_1_95' title='bbox 825 2284 838 2333; x_wconf 93' lang='lat'>1</span> <span class='ocrx_word' id='word_1_96' title='bbox 877 2258 1038 2364; x_wconf 77' lang='grc' dir='ltr'>δεομένων</span> <span class='ocrx_word' id='word_1_97' title='bbox 1066 2255 1131 2365; x_wconf 78' lang='grc' dir='ltr'>γὰρ</span> <span class='ocrx_word' id='word_1_98' title='bbox 1158 2265 1357 2365; x_wconf 82' lang='grc' dir='ltr'>ξυμμαχίας</span> <span class='ocrx_word' id='word_1_99' title='bbox 1385 2259 1440 2337; x_wconf 77' lang='grc' dir='ltr'>ὅτε,</span> <span class='ocrx_word' id='word_1_100' title='bbox 1462 2265 1605 2366; x_wconf 79' lang='grc' dir='ltr'>Θηβαῖοι</span> 
     </span>
     <span class='ocr_line' id='line_1_15' title="bbox 462 2378 1606 2488; baseline -0.005 -20"><span class='ocrx_word' id='word_1_101' title='bbox 462 2388 560 2487; x_wconf 60' lang='lat' dir='ltr'>tineis</span> <span class='ocrx_word' id='word_1_102' title='bbox 596 2380 783 2488; x_wconf 69' lang='grc' dir='ltr'>ἐβιάσαντο,</span> <span class='ocrx_word' id='word_1_103' title='bbox 818 2384 909 2487; x_wconf 76' lang='grc' dir='ltr'>ὑμεῖς</span> <span class='ocrx_word' id='word_1_104' title='bbox 946 2381 1181 2462; x_wconf 71' lang='grc' dir='ltr'><em>ἀπεώσασθε</em></span> <span class='ocrx_word' id='word_1_105' title='bbox 1216 2388 1272 2461; x_wconf 84' lang='grc' dir='ltr'>καὶ</span> <span class='ocrx_word' id='word_1_106' title='bbox 1305 2384 1382 2486; x_wconf 72' lang='grc' dir='ltr'><em>πρὸς</em></span> <span class='ocrx_word' id='word_1_107' title='bbox 1416 2378 1606 2477; x_wconf 81' lang='grc' dir='ltr'>Ἀθηναίους</span> 
     </span>
     <span class='ocr_line' id='line_1_16' title="bbox 467 2501 1606 2611; baseline -0.002 -28"><span class='ocrx_word' id='word_1_108' title='bbox 467 2501 674 2584; x_wconf 72' lang='grc' dir='ltr'>ἐκελεύετο</span> <span class='ocrx_word' id='word_1_109' title='bbox 710 2506 885 2609; x_wconf 81' lang='grc' dir='ltr'><em>τραπέσθαι</em></span> <span class='ocrx_word' id='word_1_110' title='bbox 918 2510 962 2598; x_wconf 88' lang='grc' dir='ltr'>ὡς</span> <span class='ocrx_word' id='word_1_111' title='bbox 999 2502 1097 2611; x_wconf 76' lang='grc' dir='ltr'><strong><em>ἐγγὺς</em></strong></span> <span class='ocrx_word' id='word_1_112' title='bbox 1129 2503 1237 2599; x_wconf 66' lang='grc' dir='ltr'>ὄντας,</span> <span class='ocrx_word' id='word_1_113' title='bbox 1268 2531 1342 2603; x_wconf 91' lang='lat' dir='ltr'>quo</span> <span class='ocrx_word' id='word_1_114' title='bbox 1371 2503 1456 2581; x_wconf 92' lang='lat' dir='ltr'>loco</span> <span class='ocrx_word' id='word_1_115' title='bbox 1484 2532 1606 2604; x_wconf 90' lang='lat' dir='ltr'>aeque</span> 
     </span>
     <span class='ocr_line' id='line_1_17' title="bbox 465 2627 1605 2727; baseline 0.001 -25"><span class='ocrx_word' id='word_1_116' title='bbox 465 2654 513 2702; x_wconf 95' lang='lat' dir='ltr'>ac</span> <span class='ocrx_word' id='word_1_117' title='bbox 543 2644 673 2703; x_wconf 92' lang='lat' dir='ltr'>nostro</span> <span class='ocrx_word' id='word_1_118' title='bbox 697 2644 784 2727; x_wconf 94' lang='lat' dir='ltr'>post</span> <span class='ocrx_word' id='word_1_119' title='bbox 807 2628 986 2703; x_wconf 90' lang='lat' dir='ltr'>aoristum</span> <span class='ocrx_word' id='word_1_120' title='bbox 1011 2627 1143 2721; x_wconf 80' lang='grc' dir='ltr'><em>α’πεῶσ.,</em></span> <span class='ocrx_word' id='word_1_121' title='bbox 1167 2653 1242 2726; x_wconf 90' lang='lat' dir='ltr'>quo</span> <span class='ocrx_word' id='word_1_122' title='bbox 1266 2627 1415 2725; x_wconf 92' lang='lat' dir='ltr'>repulsa</span> <span class='ocrx_word' id='word_1_123' title='bbox 1437 2627 1605 2727; x_wconf 94' lang='lat' dir='ltr'>simplici-</span> 
     </span>
     <span class='ocr_line' id='line_1_18' title="bbox 468 2746 1605 2848; baseline 0.002 -24"><span class='ocrx_word' id='word_1_124' title='bbox 468 2766 524 2824; x_wconf 87' lang='lat' dir='ltr'>ter</span> <span class='ocrx_word' id='word_1_125' title='bbox 546 2751 747 2844; x_wconf 89' lang='lat' dir='ltr'>nuntiatur,</span> <span class='ocrx_word' id='word_1_126' title='bbox 769 2751 935 2848; x_wconf 91' lang='lat' dir='ltr'>sequitur</span> <span class='ocrx_word' id='word_1_127' title='bbox 948 2750 1052 2824; x_wconf 89' lang='lat' dir='ltr'>verbi</span> <span class='ocrx_word' id='word_1_128' title='bbox 1068 2746 1206 2829; x_wconf 77' lang='grc' dir='ltr'>κελεύειν</span> <span class='ocrx_word' id='word_1_129' title='bbox 1221 2751 1437 2848; x_wconf 85' lang='lat' dir='ltr'>impfectum</span> <span class='ocrx_word' id='word_1_130' title='bbox 1453 2751 1605 2826; x_wconf 92' lang='lat' dir='ltr'>notione</span> 
     </span>
     <span class='ocr_line' id='line_1_19' title="bbox 464 2872 1316 2972; baseline 0.004 -27"><span class='ocrx_word' id='word_1_131' title='bbox 464 2873 717 2962; x_wconf 86' lang='lat' dir='ltr'>suadendi,</span> <span class='ocrx_word' id='word_1_132' title='bbox 746 2898 821 2948; x_wconf 95' lang='lat' dir='ltr'>non</span> <span class='ocrx_word' id='word_1_133' title='bbox 849 2872 1068 2972; x_wconf 84' lang='lat' dir='ltr'>imperandi,</span> <span class='ocrx_word' id='word_1_134' title='bbox 1093 2873 1316 2971; x_wconf 89' lang='lat' dir='ltr'>praeditum.</span> 
     </span>
    </p>

    <p class='ocr_par' dir='ltr' id='par_1_3' title="bbox 461 2994 1613 4687">
     <span class='ocr_line' id='line_1_20' title="bbox 461 2994 1603 3094; baseline -0.001 -24"><span class='ocrx_word' id='word_1_135' title='bbox 461 3033 464 3040; x_wconf 91' lang='lat'>·</span> <span class='ocrx_word' id='word_1_136' title='bbox 523 2994 633 3070; x_wconf 86' lang='lat' dir='ltr'>Alter</span> <span class='ocrx_word' id='word_1_137' title='bbox 665 2994 770 3072; x_wconf 92' lang='lat' dir='ltr'>locus</span> <span class='ocrx_word' id='word_1_138' title='bbox 804 3022 881 3094; x_wconf 92' lang='lat' dir='ltr'>quo</span> <span class='ocrx_word' id='word_1_139' title='bbox 915 2995 1061 3070; x_wconf 92' lang='lat' dir='ltr'>codices</span> <span class='ocrx_word' id='word_1_140' title='bbox 1097 2996 1245 3070; x_wconf 90' lang='lat' dir='ltr'>variant</span> <span class='ocrx_word' id='word_1_141' title='bbox 1279 3010 1337 3070; x_wconf 90' lang='lat' dir='ltr'>est</span> <span class='ocrx_word' id='word_1_142' title='bbox 1372 2996 1424 3069; x_wconf 91' lang='lat' dir='ltr'>IV</span> <span class='ocrx_word' id='word_1_143' title='bbox 1468 3019 1552 3090; x_wconf 88' lang='lat'>114,</span> <span class='ocrx_word' id='word_1_144' title='bbox 1584 3018 1603 3091; x_wconf 87' lang='lat'><strong>5</strong></span> 
     </span>
     <span class='ocr_line' id='line_1_21' title="bbox 466 3115 1610 3224; baseline 0.001 -28.998"><span class='ocrx_word' id='word_1_145' title='bbox 466 3115 541 3212; x_wconf 76' lang='grc' dir='ltr'>τούς</span> <span class='ocrx_word' id='word_1_146' title='bbox 568 3150 600 3196; x_wconf 86' lang='grc' dir='ltr'>τε</span> <span class='ocrx_word' id='word_1_147' title='bbox 626 3115 753 3212; x_wconf 72' lang='grc' dir='ltr'><em>πάντας</em></span> <span class='ocrx_word' id='word_1_148' title='bbox 779 3115 1082 3224; x_wconf 73' lang='grc' dir='ltr'><em>παρασκευάζεσθαι</em></span> <span class='ocrx_word' id='word_1_149' title='bbox 1110 3118 1295 3197; x_wconf 76' lang='grc' dir='ltr'>ἐκέλευεν</span> <span class='ocrx_word' id='word_1_150' title='bbox 1323 3123 1367 3212; x_wconf 83' lang='grc' dir='ltr'>ὡς</span> <span class='ocrx_word' id='word_1_151' title='bbox 1394 3125 1548 3224; x_wconf 83' lang='grc' dir='ltr'>βεβαίους</span> <span class='ocrx_word' id='word_1_152' title='bbox 1573 3130 1610 3197; x_wconf 84' lang='grc' dir='ltr'>τέ</span> 
     </span>
     <span class='ocr_line' id='line_1_22' title="bbox 469 3237 1608 3346; baseline 0.001 -27"><span class='ocrx_word' id='word_1_153' title='bbox 469 3239 639 3345; x_wconf 80' lang='grc' dir='ltr'>ἐσομένους</span> <span class='ocrx_word' id='word_1_154' title='bbox 675 3237 877 3346; x_wconf 77' lang='grc' dir='ltr'>ξνμμοῖχονς</span> <span class='ocrx_word' id='word_1_155' title='bbox 904 3245 962 3318; x_wconf 83' lang='grc' dir='ltr'>καὶ</span> <span class='ocrx_word' id='word_1_156' title='bbox 988 3239 1024 3317; x_wconf 63' lang='lat' dir='ltr'>rt</span> <span class='ocrx_word' id='word_1_157' title='bbox 1052 3238 1116 3319; x_wconf 75' lang='lat' dir='ltr'>cini</span> <span class='ocrx_word' id='word_1_158' title='bbox 1142 3242 1235 3318; x_wconf 78' lang='grc' dir='ltr'>τοῦδε</span> <span class='ocrx_word' id='word_1_159' title='bbox 1262 3239 1328 3330; x_wconf 64' lang='grc' dir='ltr'>ἤδη</span> <span class='ocrx_word' id='word_1_160' title='bbox 1357 3239 1404 3318; x_wconf 71' lang='grc' dir='ltr'>ἔτι</span> <span class='ocrx_word' id='word_1_161' title='bbox 1432 3238 1473 3320; x_wconf 83' lang='grc' dir='ltr'>θιν</span> <span class='ocrx_word' id='word_1_162' title='bbox 1503 3244 1608 3346; x_wconf 69' lang='grc' dir='ltr'>α’μαρ·</span> 
     </span>
     <span class='ocr_line' id='line_1_23' title="bbox 467 3359 1607 3461; baseline -0.005 -19"><span class='ocrx_word' id='word_1_163' title='bbox 467 3362 605 3443; x_wconf 79' lang='grc' dir='ltr'>τοίνωσιν</span> <span class='ocrx_word' id='word_1_164' title='bbox 653 3367 760 3442; x_wconf 85' lang='grc' dir='ltr'>αἰτίαν</span> <span class='ocrx_word' id='word_1_165' title='bbox 800 3359 942 3457; x_wconf 83' lang='grc' dir='ltr'>ἕξοντας.</span> <span class='ocrx_word' id='word_1_166' title='bbox 987 3362 1061 3436; x_wconf 90' lang='lat' dir='ltr'>Hic</span> <span class='ocrx_word' id='word_1_167' title='bbox 1102 3387 1254 3460; x_wconf 90' lang='lat' dir='ltr'>quoque</span> <span class='ocrx_word' id='word_1_168' title='bbox 1295 3387 1371 3437; x_wconf 94' lang='lat' dir='ltr'>non</span> <span class='ocrx_word' id='word_1_169' title='bbox 1412 3362 1607 3461; x_wconf 90' lang='lat' dir='ltr'>imperium</span> 
     </span>
     <span class='ocr_line' id='line_1_24' title="bbox 468 3484 1608 3584; baseline 0.002 -24"><span class='ocrx_word' id='word_1_170' title='bbox 468 3484 698 3583; x_wconf 87' lang='lat' dir='ltr'>significatur</span> <span class='ocrx_word' id='word_1_171' title='bbox 720 3485 824 3584; x_wconf 93' lang='lat' dir='ltr'>cujus</span> <span class='ocrx_word' id='word_1_172' title='bbox 847 3485 1036 3560; x_wconf 89' lang='lat' dir='ltr'>exsecutio</span> <span class='ocrx_word' id='word_1_173' title='bbox 1061 3485 1185 3559; x_wconf 90' lang='lat' dir='ltr'>statim</span> <span class='ocrx_word' id='word_1_174' title='bbox 1210 3501 1382 3560; x_wconf 90' lang='lat' dir='ltr'>secutura</span> <span class='ocrx_word' id='word_1_175' title='bbox 1405 3485 1608 3584; x_wconf 88' lang='lat' dir='ltr'>cogitanda</span> 
     </span>
     <span class='ocr_line' id='line_1_25' title="bbox 468 3606 1610 3707; baseline -0.002 -23"><span class='ocrx_word' id='word_1_176' title='bbox 468 3624 538 3701; x_wconf 88' lang='lat' dir='ltr'>est,</span> <span class='ocrx_word' id='word_1_177' title='bbox 567 3607 634 3682; x_wconf 93' lang='lat' dir='ltr'>sed</span> <span class='ocrx_word' id='word_1_178' title='bbox 662 3608 830 3701; x_wconf 89' lang='lat' dir='ltr'>monitio,</span> <span class='ocrx_word' id='word_1_179' title='bbox 853 3623 1096 3707; x_wconf 90' lang='lat' dir='ltr'>praeceptum</span> <span class='ocrx_word' id='word_1_180' title='bbox 1118 3607 1270 3682; x_wconf 88' lang='lat' dir='ltr'>rationis</span> <span class='ocrx_word' id='word_1_181' title='bbox 1294 3606 1479 3707; x_wconf 86' lang='lat' dir='ltr'>politicae,</span> <span class='ocrx_word' id='word_1_182' title='bbox 1507 3609 1610 3707; x_wconf 93' lang='lat' dir='ltr'>quod</span> 
     </span>
     <span class='ocr_line' id='line_1_26' title="bbox 471 3730 1609 3830; baseline 0 -24"><span class='ocrx_word' id='word_1_183' title='bbox 471 3756 553 3806; x_wconf 91' lang='lat' dir='ltr'>esse</span> <span class='ocrx_word' id='word_1_184' title='bbox 586 3730 827 3806; x_wconf 88' lang='lat' dir='ltr'>observatum</span> <span class='ocrx_word' id='word_1_185' title='bbox 856 3730 973 3830; x_wconf 86' lang='lat' dir='ltr'>longo</span> <span class='ocrx_word' id='word_1_186' title='bbox 1002 3732 1153 3806; x_wconf 90' lang='lat' dir='ltr'>demum</span> <span class='ocrx_word' id='word_1_187' title='bbox 1182 3745 1353 3828; x_wconf 89' lang='lat' dir='ltr'>tempore</span> <span class='ocrx_word' id='word_1_188' title='bbox 1380 3746 1467 3829; x_wconf 89' lang='lat' dir='ltr'>post</span> <span class='ocrx_word' id='word_1_189' title='bbox 1495 3756 1609 3830; x_wconf 89' lang='lat' dir='ltr'>appa·</span> 
     </span>
     <span class='ocr_line' id='line_1_27' title="bbox 469 3852 1610 3951; baseline 0 -23"><span class='ocrx_word' id='word_1_190' title='bbox 469 3879 551 3928; x_wconf 89' lang='lat' dir='ltr'>rere</span> <span class='ocrx_word' id='word_1_191' title='bbox 587 3852 734 3951; x_wconf 91' lang='lat' dir='ltr'>poterit.</span> <span class='ocrx_word' id='word_1_192' title='bbox 775 3854 900 3929; x_wconf 89' lang='lat' dir='ltr'>Etiam</span> <span class='ocrx_word' id='word_1_193' title='bbox 935 3854 1008 3930; x_wconf 93' lang='lat' dir='ltr'>hoc</span> <span class='ocrx_word' id='word_1_194' title='bbox 1045 3852 1128 3929; x_wconf 92' lang='lat' dir='ltr'>loco</span> <span class='ocrx_word' id='word_1_195' title='bbox 1166 3853 1203 3928; x_wconf 93' lang='lat' dir='ltr'>in</span> <span class='ocrx_word' id='word_1_196' title='bbox 1232 3853 1421 3928; x_wconf 89' lang='lat' dir='ltr'>codicibus</span> <span class='ocrx_word' id='word_1_197' title='bbox 1450 3853 1482 3926; x_wconf 91' lang='lat' dir='ltr'>C</span> <span class='ocrx_word' id='word_1_198' title='bbox 1511 3853 1545 3927; x_wconf 92' lang='lat' dir='ltr'><strong>E</strong></span> <span class='ocrx_word' id='word_1_199' title='bbox 1573 3852 1610 3928; x_wconf 93' lang='lat' dir='ltr'>G</span> 
     </span>
     <span class='ocr_line' id='line_1_28' title="bbox 469 3974 1608 4075; baseline -0.002 -24"><span class='ocrx_word' id='word_1_200' title='bbox 469 3977 512 4051; x_wconf 93' lang='lat' dir='ltr'>M</span> <span class='ocrx_word' id='word_1_201' title='bbox 529 3976 642 4075; x_wconf 87' lang='lat' dir='ltr'>impf.</span> <span class='ocrx_word' id='word_1_202' title='bbox 670 3976 825 4057; x_wconf 64' lang='grc' dir='ltr'><em>ἐκελειιεν</em></span> <span class='ocrx_word' id='word_1_203' title='bbox 853 3975 1000 4074; x_wconf 85' lang='lat' dir='ltr'>legitur,</span> <span class='ocrx_word' id='word_1_204' title='bbox 1029 3974 1138 4052; x_wconf 92' lang='lat' dir='ltr'>codd.</span> <span class='ocrx_word' id='word_1_205' title='bbox 1169 3976 1206 4049; x_wconf 89' lang='lat' dir='ltr'><strong>A</strong></span> <span class='ocrx_word' id='word_1_206' title='bbox 1222 3976 1299 4050; x_wconf 89' lang='lat' dir='ltr'>BF</span> <span class='ocrx_word' id='word_1_207' title='bbox 1327 3975 1506 4051; x_wconf 87' lang='lat' dir='ltr'>exhibent</span> <span class='ocrx_word' id='word_1_208' title='bbox 1529 4001 1608 4051; x_wconf 90' lang='lat' dir='ltr'>aor.</span> 
     </span>
     <span class='ocr_line' id='line_1_29' title="bbox 470 4098 1608 4197; baseline -0.004 -19"><span class='ocrx_word' id='word_1_209' title='bbox 470 4099 664 4192; x_wconf 62' lang='lat' dir='ltr'>indocta,</span> <span class='ocrx_word' id='word_1_210' title='bbox 717 4125 830 4197; x_wconf 92' lang='lat' dir='ltr'>quem</span> <span class='ocrx_word' id='word_1_211' title='bbox 889 4099 1028 4197; x_wconf 91' lang='lat' dir='ltr'>recepit</span> <span class='ocrx_word' id='word_1_212' title='bbox 1078 4098 1266 4196; x_wconf 90' lang='lat' dir='ltr'>Steupius,</span> <span class='ocrx_word' id='word_1_213' title='bbox 1318 4099 1381 4196; x_wconf 94' lang='lat' dir='ltr'>qui</span> <span class='ocrx_word' id='word_1_214' title='bbox 1431 4113 1608 4173; x_wconf 90' lang='lat' dir='ltr'>annotat:</span> 
     </span>
     <span class='ocr_line' id='line_1_30' title="bbox 476 4217 1611 4319; baseline 0.001 -24"><span class='ocrx_word' id='word_1_215' title='bbox 476 4246 630 4319; x_wconf 88' lang='lat' dir='ltr'>,wegen</span> <span class='ocrx_word' id='word_1_216' title='bbox 667 4221 733 4295; x_wconf 90' lang='lat' dir='ltr'>des</span> <span class='ocrx_word' id='word_1_217' title='bbox 762 4221 909 4296; x_wconf 88' lang='lat' dir='ltr'>Aorists</span> <span class='ocrx_word' id='word_1_218' title='bbox 935 4217 1023 4316; x_wconf 75' lang='grc' dir='ltr'>ἔλεξε</span> <span class='ocrx_word' id='word_1_219' title='bbox 1051 4223 1088 4319; x_wconf 64' lang='lat'>(5</span> <span class='ocrx_word' id='word_1_220' title='bbox 1117 4223 1154 4318; x_wconf 81' lang='lat'>3)</span> <span class='ocrx_word' id='word_1_221' title='bbox 1182 4222 1283 4296; x_wconf 89' lang='lat' dir='ltr'>kann</span> <span class='ocrx_word' id='word_1_222' title='bbox 1313 4222 1408 4296; x_wconf 91' lang='lat' dir='ltr'>auch</span> <span class='ocrx_word' id='word_1_223' title='bbox 1436 4220 1515 4295; x_wconf 90' lang='lat' dir='ltr'>hier</span> <span class='ocrx_word' id='word_1_224' title='bbox 1543 4222 1611 4296; x_wconf 89' lang='lat' dir='ltr'>das</span> 
     </span>
     <span class='ocr_line' id='line_1_31' title="bbox 471 4342 1611 4442; baseline -0.001 -23"><span class='ocrx_word' id='word_1_225' title='bbox 471 4368 547 4419; x_wconf 93' lang='lat' dir='ltr'>von</span> <span class='ocrx_word' id='word_1_226' title='bbox 589 4344 662 4418; x_wconf 93' lang='lat' dir='ltr'>den</span> <span class='ocrx_word' id='word_1_227' title='bbox 706 4343 795 4417; x_wconf 89' lang='lat' dir='ltr'>Hss.</span> <span class='ocrx_word' id='word_1_228' title='bbox 838 4344 870 4416; x_wconf 89' lang='lat' dir='ltr'>C</span> <span class='ocrx_word' id='word_1_229' title='bbox 912 4344 945 4416; x_wconf 90' lang='lat' dir='ltr'><strong>E</strong></span> <span class='ocrx_word' id='word_1_230' title='bbox 987 4344 1029 4416; x_wconf 91' lang='lat' dir='ltr'>M</span> <span class='ocrx_word' id='word_1_231' title='bbox 1066 4343 1255 4442; x_wconf 87' lang='lat' dir='ltr'>gebotene</span> <span class='ocrx_word' id='word_1_232' title='bbox 1291 4344 1398 4441; x_wconf 84' lang='lat' dir='ltr'>Impf.</span> <span class='ocrx_word' id='word_1_233' title='bbox 1438 4342 1538 4418; x_wconf 91' lang='lat' dir='ltr'>nicht</span> <span class='ocrx_word' id='word_1_234' title='bbox 1575 4344 1611 4418; x_wconf 97' lang='lat' dir='ltr'>in</span> 
     </span>
     <span class='ocr_line' id='line_1_32' title="bbox 473 4465 1613 4563; baseline 0.003 -24"><span class='ocrx_word' id='word_1_235' title='bbox 473 4465 650 4540; x_wconf 90' lang='lat' dir='ltr'>Betracht</span> <span class='ocrx_word' id='word_1_236' title='bbox 690 4465 908 4540; x_wconf 87' lang='lat' dir='ltr'>kommen.”</span> <span class='ocrx_word' id='word_1_237' title='bbox 952 4466 1079 4560; x_wconf 81' lang='lat' dir='ltr'>Quam</span> <span class='ocrx_word' id='word_1_238' title='bbox 1120 4466 1485 4563; x_wconf 88' lang='lat' dir='ltr'>argumentationem</span> <span class='ocrx_word' id='word_1_239' title='bbox 1529 4493 1613 4542; x_wconf 90' lang='lat' dir='ltr'>esse</span> 
     </span>
     <span class='ocr_line' id='line_1_33' title="bbox 470 4586 1608 4687; baseline 0.002 -26"><span class='ocrx_word' id='word_1_240' title='bbox 470 4586 604 4663; x_wconf 84' lang='lat' dir='ltr'>falsam</span> <span class='ocrx_word' id='word_1_241' title='bbox 640 4614 753 4687; x_wconf 91' lang='lat' dir='ltr'>supra</span> <span class='ocrx_word' id='word_1_242' title='bbox 790 4588 998 4664; x_wconf 91' lang='lat' dir='ltr'>ostendisse</span> <span class='ocrx_word' id='word_1_243' title='bbox 1027 4614 1097 4663; x_wconf 94' lang='lat' dir='ltr'>nos</span> <span class='ocrx_word' id='word_1_244' title='bbox 1124 4614 1329 4687; x_wconf 90' lang='lat' dir='ltr'>speramus.</span> <span class='ocrx_word' id='word_1_245' title='bbox 1363 4590 1440 4686; x_wconf 88' lang='lat' dir='ltr'>(De</span> <span class='ocrx_word' id='word_1_246' title='bbox 1468 4592 1608 4665; x_wconf 90' lang='lat' dir='ltr'>aoristo</span> 
     </span>
    </p>
   </div>
   <div class='ocr_carea' id='block_1_3' title="bbox 0 0 1904 5652">
    <p class='ocr_par' dir='ltr' id='par_1_4' title="bbox 0 0 1904 5652">
     <span class='ocr_line' id='line_1_34' title="bbox 0 0 1904 5652; baseline 0 0"><span class='ocrx_word' id='word_1_247' title='bbox 0 0 1904 5652; x_wconf 95' lang='lat' dir='ltr'> </span> 
     </span>
    </p>
   </div>
  </div>
 </body>
</html>
