3770 5662
891 565 1056 665 '48

462 807 546 857 cunt
567 782 650 857 cod.
671 783 714 875 Β,
730 783 862 862 ceteris
875 782 1064 858 codicibus
1079 783 1338 859 exhibentibus
1351 780 1537 888 ἐφοίνηοανς
1553 785 1597 859 cs.

462 930 548 980 ann.
587 904 644 979 CI.
683 905 732 979 ad
769 921 937 979 nostrum
973 904 1098 980 locum
1135 921 1174 980 et
1201 908 1250 981 ad
1277 905 1401 982 locum
1429 907 1598 1006 proxime

460 1025 654 1102 laudatum
682 1054 716 1105 c.
745 1052 808 1122 42,
841 1029 890 1126 3).

517 1150 724 1250 Compositi
760 1154 1058 1255 διαφαίνεσθαι
1087 1152 1350 1226 tantummodo
1379 1151 1599 1226 indicativus

461 1274 588 1349 aoristi
625 1273 793 1362 occurrit,
827 1273 940 1371 idque
976 1273 1033 1348 his
1061 1272 1172 1348 locis:
1202 1274 1218 1347 Ι
1253 1279 1311 1363 18,
1344 1300 1363 1348 2
1394 1275 1485 1373 (quo
1513 1272 1597 1349 loco

461 1395 643 1496 Stephani
671 1397 886 1495 conjectura
905 1395 955 1483 δὴ
980 1393 1105 1500 ἐφοίνη
1132 1421 1246 1494 quam
1273 1395 1421 1470 Hudius
1444 1397 1597 1495 recepit,

461 1545 611 1617 prorsus
638 1544 714 1594 non
742 1518 952 1594 necessaria
980 1533 1058 1613 est3
1087 1519 1134 1594 cf.
1163 1545 1250 1595 ann.
1280 1520 1337 1594 St.
1366 1520 1417 1595 ad
1444 1517 1596 1617 locum);

461 1642 494 1715 II
526 1664 588 1737 51,
616 1666 659 1736 33
689 1640 743 1715 IV
777 1645 861 1733 108,
891 1666 938 1735 43
967 1641 1020 1714 VI
1056 1661 1113 1736 17,
1145 1664 1180 1737 5.
1207 1641 1294 1716 Hoc
1317 1641 1527 1740 composito
1540 1641 1598 1715 vis

460 1763 633 1840 effectiva
669 1765 774 1847 verbi
810 1762 985 1863 simplicis
1022 1764 1149 1840 aoristi
1178 1766 1291 1841 etiam
1320 1764 1453 1840 clarius
1480 1764 1597 1863 expri-

460 1889 587 1962 mitur:
629 1887 771 1978 „inter
807 1885 900 1962 alia
933 1887 1032 1962 sive
1060 1888 1117 1961 ad
1143 1903 1397 1962 extremum
1426 1903 1596 1961 certam

460 2011 689 2108 quandam
717 2009 920 2108 speciem
948 2009 1194 2088 exhibere”
1225 2010 1464 2112 (Germanice
1497 2009 1597 2106 „sich

460 2132 782 2234 herausstellen‘').

513 2255 637 2332 Solius
663 2255 858 2355 compositi
886 2262 1216 2361 καταφαίνεσθαι
1245 2256 1389 2356 imperf.
1417 2255 1594 2330 occurrit:

460 2381 495 2454 V
534 2387 569 2473 6,
608 2406 628 2476 3
659 2379 889 2479 (Cerdylium
917 2380 1149 2477 describitur)
1164 2378 1226 2459 ἔστι
1254 2379 1291 2459 δὲ
1315 2381 1352 2458 τὸ
1379 2384 1499 2486 χωρίον
1527 2387 1596 2457 τοῦ·

458 2536 495 2582 το
517 2498 685 2607 Ἀργιλίων
710 2506 757 2583 ἐπὶ
778 2501 939 2608 μετεῶφον
966 2502 1068 2607 πέραν
1090 2511 1147 2581 τοῦ
1169 2511 1318 2608 ποταμοῦ
1340 2547 1392 2558 -
1407 2509 1465 2581 καί
1484 2534 1596 2581 κατε·

459 2633 626 2732 φαίνετο
654 2622 788 2706 ποίντοι
812 2623 943 2705 αὐτόθεν
968 2626 990 2701 i.
1006 2652 1040 2701 e.
1065 2627 1192 2701 omnia
1214 2625 1301 2701 inde
1322 2626 1596 2724 prospicieban-

459 2766 521 2825 tur
557 2749 673 2849 (imps.
716 2751 1064 2849 descript.·durat.);
1107 2752 1179 2825 hoc
1221 2749 1469 2849 compositum
1510 2749 1596 2824 alibi

460 2898 536 2948 non
564 2873 731 2949 occurrit.

486 2996 602 3071 Verbi
625 2999 764 3076 δοκεῖν
788 2995 905 3071 multo
927 2995 1077 3095 saepius
1098 2997 1355 3095 praesenticae
1379 2997 1535 3087 formae,
1559 2994 1595 3068 in

459 3119 594 3216 quibus
616 3119 718 3216 imps.
745 3145 807 3214 91,
829 3146 945 3217 quarn
963 3121 1170 3213 aoristicae,
1194 3121 1385 3219 inquibus
1409 3119 1484 3192 ind.
1516 3143 1593 3192 aor.

462 3267 523 3337 34,
548 3259 754 3341 occurrunt.
785 3243 1048 3341 Imperfectum
1075 3241 1296 3341 plerumque
1323 3242 1458 3318 eodem
1483 3266 1596 3315 sensu

460 3365 617 3440 occurrit
655 3392 730 3464 quo
767 3369 925 3470 ἐφαίνετο;
961 3364 1234 3456 „videbatur
1255 3362 1455 3463 (·ntur)'';
1480 3388 1596 3460 saepe

458 3513 611 3588 quoque
648 3487 945 3586 impersonaliter
981 3503 1179 3587 usurpatur
1213 3503 1252 3563 et
1287 3487 1510 3563 vertendum
1539 3501 1596 3561 est

464 3610 573 3710 „utile
597 3611 832 3705 videbatur’',
857 3612 901 3686 cs.
929 3610 983 3686 IV
1005 3633 1066 3708 71,
1089 3610 1255 3707 13V53.
1287 3610 1596 3706 Quotiescunque

459 3750 584 3810 autem
612 3737 752 3810 mentio
781 3735 822 3810 fit
849 3735 989 3811 decreti
1017 3762 1040 3809 a
1068 3735 1223 3810 comitiis
1251 3733 1330 3808 sive
1351 3732 1425 3808 alio
1440 3730 1593 3806 consilio

460 3856 679 3934 deliberanti
719 3859 817 3953 facti,
860 3884 1011 3957 semper
1024 3859 1050 3957 1)
1088 3859 1124 3933 in
1162 3884 1230 3933 usu
1267 3872 1325 3932 est
1362 3881 1439 3931 aor.
1476 3854 1596 3950 ἔδοξε

465 3979 661 4078 „placuit”,
691 3983 795 4082 cujus
831 4009 918 4057 usus
953 3981 1134 4056 notissimi
1172 3978 1385 4078 exemplum
1422 4002 1537 4052 unum
1572 4001 1595 4050 e

458 4102 582 4178 multis
610 4105 727 4180 affero
757 4105 847 4178 VIII
879 4108 914 4197 8,
947 4130 966 4178 2
997 4104 1200 4198 ξυνελθόντες
1228 4106 1259 4195 ἐς
1288 4103 1442 4206 Κόρινθον
1470 4104 1500 4179 οἱ
1514 4094 1596 4202 ξύμ-

457 4259 564 4334 μαχοι
597 4225 817 4334 ἐβουλεθοντο,
851 4231 913 4307 καί
937 4224 1057 4321 ἔδοξε
1091 4233 1185 4321 κτλ.;
1224 4224 1436 4300 conferatur
1464 4238 1594 4298 contra

458 4349 494 4423 V
539 4354 600 4446 38,
649 4377 662 4426 1
709 4354 741 4431 ἐν
786 4349 822 4432 δὲ
863 4346 963 4458 τούτῳ
1000 4351 1138 4430 ἐδόκει
1175 4365 1301 4454 πρῶτον
1340 4358 1406 4440 τοῖς
1442 4341 1597 4452 βοιωτοίφ·

496 4639 523 4715 ι)
542 4643 575 4698 cI.
594 4649 681 4694 tamen
700 4641 732 4694 de
750 4636 829 4690 itam
846 4666 879 4680 -
896 4634 967 4706 ’ίδοξι
984 4638 1052 4692 Infra
1070 4637 1084 4706 5
1099 4635 1126 4691 8.
