3726 5656
819 547 867 622 45

325 741 441 817 Verbi
475 745 633 820 οἴεσθαι
660 738 764 837 impf.
795 765 910 837 saepe
938 741 1106 836 occurrit,
1122 740 1197 817 ind.
1214 766 1292 816 aor.
1309 740 1411 815 hisce

271 879 418 940 tantum
446 861 538 938 locis
565 862 719 962 legitur:
750 862 804 935 IV
835 868 897 958 63,
932 888 946 937 1
977 864 1014 942 τὸ
1041 862 1166 957 Alete
1194 878 1251 958 τῆς
1273 863 1410 968 γνώμης

271 982 317 1066 ὧν
351 983 487 1080 ἕκαστός
522 1019 569 1080 τις
596 987 789 1092 ᾠήθημεν
817 984 947 1092 πράξειν
975 995 1048 1080 ταῖς
1075 982 1248 1091 κωλθμαις
1276 981 1411 1078 ταθταις

272 1114 393 1203 ἱκανῶς
429 1114 619 1213 νομίσαντες
651 1113 830 1214 εἱρχθῆναι,
864 1105 939 1203 τοὺς
971 1111 1146 1214 ἐφεστῶτας
1173 1115 1346 1214 πολεμίους
1375 1110 1411 1186 ἐκ

270 1248 329 1328 τῆς
355 1233 468 1340 χώρας
498 1231 755 1338 οἷποπέμπωμενε
787 1229 1056 1307 Hermocrates
1085 1230 1295 1308 Sicilienses
1325 1231 1410 1328 civi-

272 1373 368 1432 tates
417 1357 640 1431 adhortatur
681 1370 721 1430 ut
762 1354 1009 1430 simultatibus
1051 1357 1187 1430 mutuis
1229 1355 1410 1454 depositis

272 1504 404 1554 omnes
427 1478 653 1577 conjunctim
679 1476 932 1552 Athenienses
955 1476 1114 1552 eSicilia
1128 1476 1341 1576 expellant3
1356 1504 1404 1555 ea

272 1603 385 1700 igitur
410 1627 509 1700 quae
536 1603 633 1675 inter
659 1626 700 1676 se
728 1617 864 1698 parant
891 1599 1082 1677 molimina
1111 1595 1169 1700 (bu
1198 1597 1334 1696 ἕκαστός
1361 1634 1410 1696 τις

271 1727 422 1832 ᾠήθημεν
459 1721 604 1832 πράξειν)
642 1750 755 1822 quam
784 1724 1002 1800 brevissime
1025 1724 1165 1801 aoristo
1194 1723 1410 1824 (complex.)

272 1848 446 1942 absolvit,
482 1863 522 1923 ut
559 1847 705 1922 animos
741 1849 970 1924 audientium
998 1873 1113 1948 quam
1142 1847 1333 1924 celerrime
1361 1850 1411 1924 ab

273 1971 316 2045 iis
353 1985 521 2066 avertat;
550 1970 603 2044 III
634 1994 695 2065 39,
727 1994 747 2065 3
778 1972 810 2049 ἐν
837 1966 862 2075 ᾧ
890 1966 956 2077 γὰρ
978 1972 1181 2077 ᾠήθησαν
1205 1973 1411 2078 περιέσεσθαι,

272 2094 412 2174 ἐπέθεντο
445 2099 526 2198 η’μῖν
562 2089 622 2172 οθκ
659 2093 907 2198 ἁθικονμένοιςτ
946 2119 1024 2169 aor.
1057 2109 1199 2169 certum
1227 2095 1410 2193 temporis

272 2232 504 2293 momentum
528 2215 666 2292 indicat
687 2242 764 2314 quo
787 2215 1003 2315 Mytilenaei
1025 2217 1312 2292 Atheniensium
1327 2218 1411 2292 civi-

272 2356 401 2434 tatem,
444 2337 544 2414 bello
585 2340 796 2438 morboqne
837 2340 1060 2431 consectam,
1099 2340 1269 2440 aggressi
1307 2356 1414 2436 sunt3

273 2463 327 2538 IV
373 2487 457 2559 130,
504 2485 522 2558 5
564 2465 621 2542 καὶ
659 2461 883 2569 προσπεσόντες
918 2463 1082 2570 τρέπουσιν
1119 2457 1194 2567 ἅμα
1220 2461 1281 2569 μὲν
1309 2460 1408 2575 μοίχη

273 2590 432 2692 αἰφνιδίῳ,
471 2580 545 2691 ἅμα
581 2584 618 2664 θὲ
651 2595 716 2679 τοῖς
750 2581 931 2679 Ἀθηναίοις
965 2601 1027 2664 τῶν
1055 2593 1165 2665 πνλῶν
1194 2585 1413 2691 ἀνοιγομένων

271 2711 487 2816 φοβηθέντων·
512 2709 568 2814 piri
582 2713 721 2799 θησαν
748 2703 813 2814 γὰρ
841 2707 905 2788 οἷπθ
932 2704 1158 2814 προειρημένον
1187 2709 1271 2803 τινθς
1299 2704 1409 2802 αὐτοῖς

270 2833 330 2920 τὴν
372 2835 564 2970 ἐπιχείρηοιν
599 2831 764 2935 γενέσθαι
801 2856 878 2907 aor.
916 2847 1126 2930 usurpatur,
1165 2832 1254 2930 quia
1291 2832 1414 2930 desig-

272 2972 382 3032 natur
418 2955 545 3053 opinio
583 2969 686 3029 certo
715 2954 896 3052 temporis
924 2970 1130 3048 momento,
1160 2954 1298 3030 scilicet
1326 2981 1411 3029 cum

271 3096 406 3180 portae
435 3077 731 3153 Atheniensibus
759 3093 914 3176 apertae
942 3093 1039 3167 sunt,
1069 3093 1171 3172 orta;
1200 3078 1272 3151 Vll
1300 3083 1362 3172 66,
1389 3103 1412 3174 3

273 3199 391 3309 ἄνδρες
428 3197 493 3307 γὰρ
529 3194 713 3281 ἔπειθον
695 3234 720 3308 ῳ
750 3200 875 3295 α’ξιονοι
902 3197 1052 3306 προύχειν
1081 3201 1355 3356 κρλονοθῶσι,’
1319 3234 1405 3351 τρν

272 3327 444 3406 ὑπόλοιπον
480 3321 586 3410 αὐτῶν
613 3357 671 3417 της
679 3281 802 3418 θθξης
830 3323 1049 3430 οἷσθενέστερον
1078 3320 1157 3403 αι’ντθ
1187 3355 1302 3404 εαντον
1332 3327 1415 3430 ἐστιν

273 3451 351 3536 ἢεί
371 3443 454 3554 μηθ’
481 3450 680 3554 ᾠήθησαν
701 3448 738 3526 τθ
761 3462 885 3553 πρῶτον
908 3447 973 3545 (sc.
995 3442 1164 3554 προύχειν)
1185 3447 1207 3522 i.
1224 3472 1256 3522 e.
1279 3473 1415 3544 „quam

273 3574 304 3648 si
339 3572 493 3647 omnino
536 3595 741 3668 numquam
784 3595 868 3644 eam
892 3570 1160 3668 opinionem
1184 3569 1232 3645 de
1255 3596 1296 3645 se
1318 3595 1416 3644 con·

275 3694 576 3794 cepissent”:
607 3693 768 3769 aoristus
796 3708 854 3768 est
881 3693 1121 3791 ingressivus

327 3818 444 3894 Verbi
466 3822 685 3922 φαίνεσθαι
709 3814 827 3890 multo
849 3814 972 3915 plures
987 3815 1243 3914 praesenticae
1259 3815 1414 3906 formae,

275 3941 310 4018 in
349 3943 482 4042 quibus
515 3940 618 4038 imps.
654 3964 713 4034 29,
744 3965 858 4038 quam
887 3938 1081 4014 aoristicae
1110 3955 1314 4014 occurrunt.
1346 3939 1416 4012 Im-

275 4065 441 4164 perfecto
478 4063 701 4161 plerumque
730 4063 946 4161 adjunctum
975 4076 1032 4136 est
1061 4086 1198 4136 nomen
1227 4061 1416 4160 praedica-

275 4189 393 4263 tivum
431 4186 561 4286 (subst.
598 4186 677 4260 sive
716 4186 867 4285 adject.)
905 4185 985 4260 sive
1013 4185 1245 4260 enuntiatum
1273 4184 1417 4282 praedi-

276 4312 451 4402 cativum,
475 4308 697 4408 significanti
732 4307 1002 4404 „videbatur
1030 4307 1257 4407 (-antur)”;
1279 4308 1416 4406 ubique

275 4434 458 4508 indicatur
484 4431 623 4532 aliquid
654 4431 757 4530 quod
779 4429 1009 4529 aliquamdiu
1032 4431 1149 4506 menti
1173 4431 1415 4526 obversatur3

276 4556 349 4633 loci
375 4571 461 4632 sunt
487 4556 545 4632 hi:
571 4556 586 4630 I
616 4577 679 4652 95,
707 4577 752 4651 3,
781 4575 866 4650 107,
894 4555 997 4652 3311
1025 4578 1086 4648 νο,
1118 4580 1163 4650 4,
1192 4578 1252 4647 21,
1285 4577 1327 4648 ο,
1356 4574 1415 4649 27,
