3726 5656
992 603 1035 654 12

441 797 490 871 uti
517 796 636 870 debet.
662 796 705 869 Ei
727 796 828 894 igitur
851 796 913 892 qui
934 794 1087 892 loquitur
1110 793 1168 868 vel
1190 794 1222 867 ei
1245 794 1305 891 qui
1328 793 1448 868 scribit
1469 819 1583 891 saepe

441 917 521 993 licet
542 916 746 992 alterutrum
769 933 911 1013 tempus
925 915 1067 1015 eligere,
1083 932 1260 1013 utcunque
1273 915 1369 990 libet.
1387 916 1583 1009 Quomodo

442 1057 562 1115 autem
597 1041 630 1112 in
666 1065 783 1113 rerum
819 1056 1002 1138 gestarum
1039 1039 1294 1113 narrationibus
1325 1040 1475 1112 aoristus
1502 1063 1582 1112 con·

441 1163 587 1238 stativus
627 1177 664 1236 et
704 1162 946 1258 imperfectum
984 1162 1196 1235 narrativum
1234 1161 1406 1250 differant,
1445 1161 1583 1258 optime

439 1283 584 1360 illustrat
610 1283 707 1358 locus
735 1285 881 1382 quidam
905 1283 1086 1358 Gellianus
1112 1284 1170 1380 (N.
1197 1284 1243 1356 A.
1270 1284 1319 1357 X.
1339 1308 1374 1377 3,
1396 1307 1436 1355 11
1456 1286 1526 1379 sq.)
1542 1283 1581 1379 ¹),

441 1407 501 1480 ubi
528 1408 772 1481 Romanorum
799 1408 994 1505 perlectum
1022 1421 1132 1503 atque
1158 1406 1401 1504 imperfectum
1427 1405 1516 1478 inter
1542 1430 1583 1478 se

442 1545 678 1626 opponuntur.
705 1528 863 1618 'Gellius
897 1530 1080 1604 conserens
1103 1529 1191 1602 inter
1218 1555 1257 1602 se
1285 1527 1421 1602 dicendi
1447 1552 1582 1626 genera

441 1652 590 1724 duorum
619 1667 798 1725 oratorum
826 1651 1007 1750 agentium
1034 1651 1079 1723 de
1102 1676 1148 1724 eo
1172 1651 1270 1747 quod
1292 1650 1376 1723 civis
1398 1650 1604 1726 Romanus.

441 1771 562 1871 injuria
583 1773 689 1873 virgis
711 1775 920 1847 verberatus
943 1789 1030 1863 erat,
1056 1774 1146 1848 haec
1171 1773 1272 1846 dicit:
1304 1817 1376 1866 ,-
1397 1771 1583 1845 Gracchus

442 1910 561 1968 autem
589 1921 660 1968 non
687 1897 864 1992 querentis
891 1921 1011 1993 neque
1037 1894 1264 1992 implorantis,
1294 1895 1360 1968 sed
1387 1893 1583 1966 nuntian-

442 2016 498 2095 tis
528 2003 685 2092 vicem:
714 2016 831 2115 palus,
859 2018 979 2114 inquit,
1008 2018 1041 2090 in
1068 2017 1145 2092 loro
1172 2018 1358 2091 destitutus
1385 2033 1451 2109 est,
1480 2016 1583 2090 vesti·

442 2154 562 2214 menta
590 2141 749 2214 detracta
776 2155 867 2231 sunt,
896 2139 1000 2239 virgis
1027 2165 1184 2213 caesus
1211 2156 1291 2213 est.
1316 2138 1391 2213 Sed
1400 2139 1506 2212 enim
1528 2139 1580 2212 M.

443 2260 569 2337 Cicero
604 2261 799 2360 praeclare,
837 2288 930 2336 cum
958 2262 1127 2336 diutina
1154 2261 1580 2360 repraesentatione,

442 2408 512 2456 non
554 2410 699 2478 ,caesus
731 2383 810 2458 est'’
838 2385 922 2458 sed:
953 2384 1239 2474 caedebatur,
1267 2384 1387 2481 inquit,
1415 2383 1521 2482 virgis
1549 2383 1583 2455 in

442 2505 518 2579 loro
537 2507 728 2580 Messanae
741 2507 824 2579 civis
838 2508 1033 2598 Romanus,
1049 2533 1130 2579 cum
1144 2506 1277 2580 interea
1290 2504 1400 2579 nullus
1414 2505 1581 2605 gemituS,

442 2627 534 2701 nulla
562 2655 633 2702 vox
654 2627 739 2701 illius
762 2629 877 2702 miseri
900 2629 988 2702 inter
1010 2627 1170 2702 dolorem
1191 2628 1436 2725 crepitumque
1458 2625 1582 2726 plaga·

442 2776 519 2822 rum
543 2750 750 2824 audiebatur
772 2749 866 2825 etc.”
894 2751 1003 2845 Quod
1022 2751 1077 2824 hic
1093 2750 1224 2825 Gellius
1239 2751 1318 2824 dicit
1331 2752 1377 2824 de
1391 2751 1425 2824 vi
1438 2749 1584 2848 perlecti

444 2872 593 2946 historici
620 2873 745 2964 Latini,
775 2874 909 2972 optime
935 2873 969 2946 in
992 2873 1160 2947 aoristum
1183 2872 1416 2946 constativum
1437 2898 1583 2970 quoque

444 2994 616 3091 quadrat:
642 3020 715 3070 aor.
742 2996 959 3069 constativus
985 2995 1172 3069 nuntiat
1193 3020 1269 3068 rem
1284 2995 1416 3068 saetam
1430 2996 1468 3092 2).
1500 2995 1582 3070 Hoc

440 3117 564 3191 aoristi
577 3143 691 3216 genus
706 3143 750 3192 ex
765 3118 927 3192 omnibus
941 3117 1151 3191 aoristorum
1163 3117 1354 3216 generibus
1363 3115 1471 3216 longe
1479 3117 1582 3190 usita-

446 3239 615 3313 tissimum
643 3242 747 3336 est3).
777 3238 941 3337 Exempli
967 3239 1082 3339 gratia
1109 3239 1221 3312 affero
1248 3240 1261 3311 1
1287 3260 1348 3332 54,
1384 3263 1397 3310 1
1433 3243 1496 3317 :oi
1522 3238 1581 3342 μὲν

482 3493 509 3560 1)
528 3495 626 3544 Locum
645 3494 744 3559 primus
763 3493 887 3543 iudicavit
906 3492 1072 3543 Thierschius
1091 3493 1137 3542 tl.

480 3576 509 3649 2)
528 3580 559 3630 In
584 3580 634 3630 hoc
658 3579 751 3630 libello
776 3579 863 3629 Gellio
888 3587 991 3629 auctore
1016 3595 1095 3644 saepe
1121 3595 1184 3629 voce
1204 3579 1389 3629 nuntiandi
1407 3585 1464 3629 utar
1484 3595 1533 3646 pro
1552 3595 1583 3630 eo

442 3668 516 3732 quod
536 3667 690 3718 Germanice
710 3666 803 3716 dicitur
823 3666 1114 3731 „Konstatieren''.

480 3753 508 3821 3)
528 3755 579 3816 Qui
598 3753 693 3803 factum
712 3754 746 3803 sit
760 3761 788 3803 ut
804 3754 832 3803 in
848 3755 937 3804 Attica
952 3753 1072 3816 dialecto,
1088 3754 1227 3818 praecipue
1242 3753 1315 3818 apud
1331 3753 1478 3819 historicos,
1494 3753 1584 3803 aoristi

442 3856 504 3890 usus
528 3841 688 3890 constativus
713 3840 859 3906 praevaleat,
884 3856 942 3890 cum
966 3847 1055 3890 contra
1080 3840 1150 3905 apud
1176 3841 1319 3889 Homerum
1344 3856 1405 3889 usus
1425 3840 1584 3905 perfectivus

445 3927 532 3977 aoristi
551 3926 672 3993 (ingress.
692 3927 788 3993 effect.)
807 3928 843 3976 ita
861 3927 974 3976 abundet
993 3934 1022 3976 ut
1040 3942 1093 3976 aor.
1110 3927 1270 3976 constativus
1290 3927 1341 3976 nisi
1360 3927 1498 3992 perpaucis
1519 3927 1584 3976 locis

443 4029 497 4063 nou
516 4014 672 4080 inveniatur,
691 4015 759 4063 bene
778 4013 921 4078 explicavit
940 4014 1092 4063 Mutzbauer
1110 4013 1155 4062 l.l.
1179 4029 1205 4079 p.
1225 4026 1259 4063 20
1279 4029 1319 4078 sq.
1341 4014 1406 4063 Cum
1425 4015 1453 4062 in
1473 4013 1584 4064 comitiis
1608 4067 1613 4076 ,

446 4099 539 4165 populi
560 4099 729 4149 Atheniensis
749 4100 855 4164 negotia
874 4099 979 4164 publica
997 4099 1164 4165 agitarentur,
1183 4100 1266 4164 magis
1286 4099 1413 4149 attinebat
1434 4100 1512 4164 „kurz
1530 4099 1585 4149 und

445 4186 511 4253 klar,
536 4186 623 4235 scharf
645 4187 673 4236 in
698 4186 744 4236 das
770 4185 826 4235 Ohr
843 4185 943 4238 falleud
968 4185 1010 4235 die
1036 4186 1200 4249 wichtigsteu
1226 4186 1328 4235 Punkte
1347 4186 1398 4236 den
1417 4186 1586 4250 Mitgliedern

447 4273 493 4322 der
511 4273 789 4338 Volksversammlung
807 4280 937 4337 entgegen
954 4288 984 4320 zu
1000 4271 1114 4321 werlen’‘
1132 4288 1211 4337 quam
1227 4288 1333 4337 operam
1350 4274 1411 4322 dare
1430 4272 1586 4339 „epische(r)
1662 4267 1667 4274 ’

438 4359 533 4408 --Breite
559 4359 613 4407 und
638 4357 827 4426 malerische(r)
853 4358 1021 4424 Darstellung
1046 4359 1092 4408 der
1113 4357 1204 4425 Sache,
1225 4359 1273 4408 wie
1290 4359 1329 4408 sie
1348 4360 1391 4409 ein
1410 4360 1500 4410 naives
1518 4361 1585 4410 Zeit-

448 4444 514 4494 alter
536 4445 564 4493 in
584 4445 669 4494 seiner
689 4445 790 4495 Freude
809 4462 842 4496 au
859 4445 930 4495 allen
950 4444 1133 4495 Einzelheiteu
1149 4445 1195 4494 der
1213 4445 1362 4511 Erztthluug
1380 4445 1472 4496 liebt.”
1491 4447 1514 4496 E
1533 4446 1586 4496 dic·

438 4532 521 4598 ¹tione
540 4531 666 4582 comitiali
685 4533 730 4582 ille
749 4532 837 4582 aoristi
857 4533 995 4582 constativi
1015 4549 1075 4582 usus
1096 4532 1219 4597 frequens
1237 4533 1309 4597 apud
1326 4532 1464 4582 historicos
1479 4548 1585 4599 quoque

447 4619 531 4687 magis
548 4620 684 4687 magisque
703 4620 860 4689 percrebuit.
880 4619 920 4672 ct.
941 4620 1018 4669 etiarn
1037 4620 1068 4669 E.
1087 4619 1181 4681 Purdie
1200 4620 1217 4669 1.
1227 4620 1245 4669 l.
1264 4635 1291 4688 p.
1311 4618 1352 4672 82.
