3770 5662
830 561 874 632 61

283 781 432 866 τοῦντας,
469 766 761 878 οἷνεθοίρσησοίν
795 804 828 851 τε
866 769 916 851 ἂν
951 778 1037 861 κτλ,
1076 797 1154 869 quo
1179 768 1262 847 loco
1290 770 1426 848 aoristo

284 895 386 970 notio
424 893 629 995 ingressiva
668 890 756 998 [„ad
792 919 900 992 spem
937 895 1058 970 redire
1083 893 1281 998 incipere]
1310 893 1426 991 expri-

283 1019 405 1111 mitur,
440 1018 539 1094 actio
576 1032 704 1093 autem
741 1016 876 1093 iterata
903 1016 1086 1116 particula
1113 1013 1155 1098 ἄν
1182 1017 1426 1118 designatur.)

340 1163 401 1236 54,
433 1164 452 1237 5
483 1137 558 1234 τοὺς
585 1140 748 1246 πολέμους
774 1142 959 1247 διέφερον
987 1144 1044 1221 καὶ
1074 1141 1106 1236 ἐς
1128 1134 1170 1220 τοί
1195 1135 1262 1246 ίερᾶ
1285 1137 1424 1221 ἔθνους

282 1263 507 1364 imperfectis
534 1263 634 1338 sacta
665 1263 977 1340 Pisistratidarum
1007 1291 1075 1364 per
1103 1263 1307 1363 tyrannidis
1336 1279 1428 1339 tem·

284 1415 355 1486 pus
377 1387 527 1487 saepius
554 1385 715 1485 repetita
741 1387 1007 1490 significantur.

339 1537 402 1606 99,
440 1534 465 1604 4
503 1505 590 1590 κατᾶ
627 1523 691 1616 γῆν
731 1505 763 1592 δ’
798 1513 835 1590 ἐκ
869 1525 929 1604 τῆς
964 1507 1081 1616 Θοίψσν
1119 1513 1149 1590 σί
1187 1505 1348 1599 Ἀθηναῖοι
1385 1503 1427 1588 τοί

284 1635 449 1720 ἐπιτήδεια
495 1634 719 1738 ἐπείγονται
762 1633 966 1710 identidem
1017 1634 1215 1732 petebant3
1263 1631 1428 1708 similiter

291 1780 376 1852 103,
401 1780 420 1830 2
443 1751 485 1835 rui
499 1751 532 1836 δ’
546 1757 710 1842 ἐπιτήδεια
733 1757 906 1860 ἐσῆγετο
930 1757 966 1834 ἐκ
979 1769 1038 1850 τῆς
1054 1751 1196 1850 Ἰταλίας
1209 1755 1426 1860 πανταχόθεν.

344 1903 428 1974 103,
456 1903 477 1973 3
508 1885 565 1958 καὶ
580 1873 720 1983 κῦρωσις
733 1876 792 1984 μὲν
807 1874 945 1983 οὐδεμία
969 1881 1173 1982 ἐγίγνετοτ
1198 1901 1427 1976 quamquam

285 2002 433 2100 saepius
461 1993 645 2099 colloquia
673 2000 921 2094 habebantur,
953 2000 1041 2076 nihil
1069 2000 1262 2077 decretum
1290 2016 1358 2078 est.
1420 2073 1422 2078 .

338 2124 409 2218 VII
434 2147 495 2220 25,
522 2131 545 2198 6
564 2135 653 2222 sqq.
670 2123 889 2200 describitur
912 2123 1231 2222 Syracusanorum
1254 2140 1295 2204 et¹
1312 2123 1427 2198 Athe-

285 2246 466 2324 niensium
501 2246 669 2323 velitatio
706 2247 743 2322 in
781 2262 892 2346 portu
929 2245 1196 2346 Syracusarum
1233 2247 1355 2322 facta:
1391 2243 1427 2326 ίκ

284 2405 316 2451 τε
351 2371 415 2450 τῶν
443 2367 576 2451 οίκοίτών
604 2367 748 2449 σ’ίνενον
777 2366 1057 2474 ἀναδούμενοι
1084 2367 1159 2464 τοὺς
1185 2367 1343 2477 σταυροὺς
1370 2377 1427 2449 καὶ

285 2493 473 2574 οἷνέκλων
511 2499 570 2573 καὶ
611 2499 1033 2600 κατακολυμβῶντες
1074 2493 1277 2599 ε’ξέιιριον.
1320 2497 1350 2573 σί
1391 2491 1427 2574 δὲ

285 2617 474 2723 Συρακόσιοι
502 2659 554 2672 ·-
585 2613 789 2722 ἔβαλλον·
828 2619 856 2696 οἱ
891 2613 927 2695 δὲ
956 2660 1008 2671 -
1035 2615 1321 2723 οίντέβαλλονς
1349 2619 1374 2713 ἓ
1405 2635 1425 2713 7

287 2735 376 2820 α’λλᾶ
392 2746 449 2819 καὶ
472 2735 603 2832 τούτους
623 2744 832 2845 κολυμβηταὶ
856 2737 1052 2844 δυόμεναι
1079 2740 1121 2833 ἐξ
1129 2737 1264 2844 ἔπριον
1292 2744 1409 2844 μισθοῦ
1417 2773 1426 2833 3

286 2865 310 2960 ξ
335 2866 357 2938 8
388 2859 496 2942 πολλοὶ
524 2860 560 2940 δὲ
589 2867 645 2940 καὶ
674 2855 765 2940 σἰλλα
791 2863 871 2966 πρὸς
898 2860 1067 2953 ἀλλήλους
1088 2863 1428 2968 -ἐμηχανῶντο

286 2993 343 3064 καὶ
381 2984 636 3091 οίκροβολισμοῖς
672 2987 729 3063 καὶ
767 2991 889 3089 πείραις
923 2990 1090 3076 παντοίαις
1118 2985 1320 3090 ἐχρῶντο;
1349 2999 1428 3060 tam

287 3108 504 3206 imperfecta
533 3132 647 3208 quam
675 3107 869 3206 participia
897 3122 983 3182 sunt
1009 3106 1192 3201 iterativa.

342 3231 432 3305 VIII
457 3238 520 3326 36,
548 3255 561 3304 1
591 3233 648 3309 καί
672 3225 737 3334 γὰρ
758 3231 873 3335 μισθδς
900 3231 1065 3309 ἐδίδοτο
1093 3224 1295 3336 οίρκοῦντωςι
1324 3229 1426 3328 impl.

287 3356 336 3428 de
362 3353 549 3452 stipendio
578 3351 751 3428 militibus
778 3344 994 3428 identidem
1012 3367 1218 3428 numerato.

340 3476 430 3552 VIII
475 3483 537 3572 56,
577 3501 597 3550 2
637 3473 783 3582 καθοίπερ
820 3479 877 3554 καί
911 3472 964 3555 ὑπ’
1003 3477 1120 3555 ἐκείνου
1159 3471 1426 3556 ἐδιδοίσκετοε

288 3601 392 3700 quod
419 3600 453 3675 ei
481 3597 684 3675 identidem
713 3597 928 3674 Alcibiades
956 3598 1151 3675 suadebat.

287 3849 418 3951 δήμους
445 3849 477 3924 ἐν
506 3855 578 3938 ταῖς
605 3843 713 3924 πόλεσι
741 3845 966 3924 κατέλυον;
996 3843 1100 3942 impl.
1130 3843 1278 3942 respicit
1305 3845 1429 3920 varias

288 3969 458 4045 civitates
493 3967 529 4042 in
569 3966 702 4066 quibus
735 3967 846 4042 factio
875 3965 1066 4065 popularis
1093 3991 1226 4042 eversa
1254 3983 1322 4044 est.
1352 3969 1425 4068 (ef.

288 4107 418 4167 contra
454 4115 533 4166 aor.
563 4091 611 4164 de
639 4115 714 4164 una
741 4088 911 4165 civitate:
943 4095 1004 4184 64,
1038 4116 1056 4165 2
1087 4088 1281 4195 οίιρικόμενος
1308 4095 1341 4184 ἐς
1367 4091 1427 4180 τὴν

193 4205 196 4212 ’
289 4210 400 4296 Θοίσον
428 4215 485 4293 τδν
514 4217 623 4319 δῆμον
652 4213 882 4294 κατέλυσεν
911 4228 949 4289 et
975 4213 1098 4302 V181‚
1131 4238 1149 4287 2
1176 4213 1231 4292 τδν
1259 4211 1293 4293 ε’ν
1315 4210 1427 4320 Ἀργει
1461 4305 1462 4308 ¹

288 4343 398 4442 δῆμον
427 4337 695 4434 κατέλυσαν.)

345 4461 381 4534 Ν
385 4487 455 4536 unc
479 4459 721 4536 tractabimus
745 4485 791 4534 ea
813 4460 931 4534 verba
956 4485 1115 4558 quorum
1134 4486 1222 4535 usus
1235 4460 1428 4536 iterativus

288 4585 389 4683 apud
416 4583 676 4682 Thucydidem
706 4582 919 4680 praevalet:
