3726 5656
825 625 844 698 5

303 817 370 891 Cui
406 816 497 925 loc0‚
534 832 572 890 ut
607 815 777 892 lectorem
813 819 846 890 in
873 818 1009 891 medias
1036 843 1093 891 res
1119 843 1242 917 agam,
1271 818 1388 891 statim

249 966 432 1037 opponam
454 940 666 1013 sententiam
690 965 799 1036 quam
820 956 939 1013 nostra
961 955 1081 1013 aetate
1103 940 1245 1014 scientia
1257 939 1388 1039 lingua·

248 1089 325 1136 rum
352 1063 595 1159 comparativa
622 1062 686 1134 sibi
713 1062 954 1151 conformavit,
984 1088 1114 1159 nempe
1137 1063 1170 1134 in
1192 1088 1236 1135 ea
1256 1061 1388 1160 lingua,

249 1210 271 1257 a
294 1209 365 1281 qua
386 1209 511 1257 omnes
531 1182 672 1282 linguae
693 1184 1004 1283 lndogermanicae
1017 1185 1187 1283 originem
1201 1184 1388 1274 duxerunt,

249 1305 392 1401 proprie
427 1303 649 1401 „tempora'’‚
678 1305 697 1378 i.
729 1331 760 1379 e.
790 1306 889 1379 verbi
916 1306 1048 1379 formas
1072 1305 1198 1403 quibus
1220 1306 1389 1402 temporis

250 1425 374 1500 relatio
409 1426 587 1517 indicatur,
625 1452 695 1501 non
732 1427 923 1520 exstitisse3
955 1443 1119 1524 tempora
1146 1443 1268 1501 autem
1295 1452 1389 1524 quae

248 1575 419 1622 vocamus
433 1549 530 1622 unice
547 1549 593 1622 ad
606 1575 741 1648 genera
755 1550 899 1623 actionis
913 1550 1142 1646 exprimenda
1155 1551 1187 1622 in
1197 1575 1261 1623 usu
1270 1549 1386 1622 fuisse.

251 1670 371 1763 Quam
398 1670 607 1744 sententiam
635 1699 670 1744 v.
686 1698 715 1744 c.
745 1672 805 1746 W.
831 1672 1056 1744 Sanarrnnno
1064 1674 1090 1770 1)
1115 1672 1249 1746 disertis
1272 1671 1390 1745 verbis

250 1793 299 1866 sic
327 1794 580 1889 pronuntiavit:
617 1839 688 1888 „—
717 1793 887 1888 damals
915 1795 995 1891 (ie.
1026 1795 1066 1867 in
1089 1795 1167 1867 der
1189 1794 1389 1894 indoger-

251 1915 510 1988 manischen
534 1915 702 2012 Urzeit)
718 1916 1389 2014 existierteniiberhauptkeine

253 2037 478 2132 Tempora
511 2037 545 2111 d.
583 2038 619 2110 h.
649 2037 778 2110 keine
812 2028 1035 2111 formalen'
1067 2038 1387 2136 Kategorieen‚

252 2158 386 2232 deren
414 2157 756 2258 urspriingliche
776 2159 996 2232 Funktion
1020 2185 1069 2232 es
1097 2185 1193 2249 war,
1223 2185 1295 2232 zur
1316 2161 1388 2233 Be·

252 2280 498 2378 zeichnung
531 2281 607 2353 der
633 2279 855 2355 relativen
887 2281 1106 2355 Zeitstufe
1132 2309 1182 2354 zu
1211 2281 1386 2355 dienen:

249 2401 721 2494 dieFormenklassen,
737 2404 807 2477 die
827 2403 1136 2500 wirTempora
1155 2429 1203 2475 zu
1219 2428 1389 2477 nennen

249 2525 460 2624 gewohnt
496 2525 605 2615 sind,
643 2526 789 2599 haben
827 2551 879 2598 an
915 2525 1011 2597 sich
1037 2525 1114 2599 mit
1141 2525 1218 2599 der
1244 2525 1388 2599 relati·

250 2672 333 2720 ven
369 2646 586 2720 Zeitstufe
627 2647 747 2721 nicht
775 2648 861 2720 ‘das
897 2647 1128 2747 geringste
1163 2675 1213 2719 zu
1250 2647 1388 2721 schaf-

251 2771 330 2844 fen.
370 2769 540 2844 Zeitlos
577 2771 672 2844 sind
708 2769 924 2844 vielmehr
959 2769 1047 2844 alle
1083 2768 1387 2844 Pr'asensklas-

250 2918 339 2982 sen,
368 2891 457 2966 alle
484 2893 680 2984 Aoriste,
708 2892 799 2966 alle
826 2894 1038 2966 Perfekta
1065 2893 1104 2965 in
1127 2891 1244 2966 allen
1267 2893 1389 2965 ihren

250 3014 394 3086 Modis
432 3015 516 3089 und
552 3015 616 3088 sie
643 3015 989 3088 unterschieden
1016 3015 1107 3088 sich
1134 3040 1219 3088 von
1247 3014 1388 3087 einan-

250 3137 328 3209 der
360 3163 437 3210 nur
470 3138 605 3211 durch
639 3137 708 3211 die
735 3139 818 3212 Art
845 3138 922 3211 der
949 3136 1198 3236 Handlung,
1227 3137 1298 3209 die
1324 3134 1388 3209 sie

250 3259 676 3354 characterisierten
703 3259 812 3334 etc.’'
835 3261 910 3334 Res
936 3259 985 3333 sic
1012 3285 1053 3333 se
1075 3259 1196 3333 habet.
1225 3259 1262 3331 Si
1289 3259 1389 3332 verbi

250 3381 381 3455 formas
408 3383 601 3456 accuratius
628 3381 919 3480 contemplamur,
949 3381 1109 3455 videmus
1131 3407 1177 3455 ex
1198 3381 1237 3454 iis
1257 3381 1387 3470 formis,

252 3528 344 3600 quae
379 3519 544 3600 tempora
574 3505 764 3601 praeterita
786 3501 895 3604 vulgo
923 3520 1093 3578 vocantur
1119 3504 1387 3602 (imperfectum,

251 3625 413 3717 aoristus,
438 3627 650 3724 perfectum,
673 3625 1083 3725 plusquamperfectum),
1107 3653 1171 3700 eas
1187 3625 1283 3702 solas
1296 3651 1389 3724 quae

250 3764 449 3854 augmento
484 3749 667 3846 praeditae
698 3749 765 3822 sint
791 3749 966 3824 actionem
1000 3764 1163 3846 tempore
1197 3749 1389 3846 praeterito

253 3896 334 3944 esse
384 3885 502 3943 actam
544 3870 750 3970 significare.
792 3872 989 3945 Perfectum
1030 3872 1131 3970 igitur
1170 3867 1389 3969 temporibus

255 3993 451 4090 praeteritis
487 3994 629 4066 omnino
667 4019 738 4066 non
774 4009 830 4068 est
863 3994 1188 4087 adnumerandum3
1219 3993 1316 4091 quod
1342 3993 1390 4065 ad

251 4115 429 4189 notionem
458 4114 693 4212 temporalem
721 4116 845 4198 attinet
870 4141 1041 4212 praesens
1068 4130 1132 4188 est.
1162 4115 1223 4188 Ad
1249 4131 1391 4211 tempus

250 4238 476 4334 praeteritum
518 4237 776 4337 designandum
812 4238 1060 4312 tantummodo
1093 4237 1295 4311 indicativus
1330 4236 1389 4309 im·

267 4391 463 4399 ———

291 4467 317 4533 1)
335 4467 479 4518 Perfective
505 4467 561 4517 und
585 4467 765 4532 imperfective
790 4467 939 4518 Actionsart
963 4468 999 4516 im
1020 4467 1234 4534 Germanischen,
1253 4467 1317 4516 Paul
1336 4467 1391 4517 und

252 4554 376 4604 Braune’s
391 4555 517 4620 Beitr'age·
527 4555 577 4604 XV
587 4571 614 4620 p.
628 4553 692 4622 1163
702 4555 734 4604 cf.
746 4554 862 4621 ejusdem
872 4555 1088 4624 Urgermanische
1100 4554 1260 4607 Grammatik
1270 4553 1390 4623 (Heidel
1445 4545 1459 4570 ⁸

253 4642 318 4710 berg
339 4638 419 4708 1896)
439 4656 466 4709 p.
486 4641 547 4705 276.
