3726 5656
822 553 866 624 13

271 747 430 846 Κορίνθιοι
444 784 496 798 -
511 735 874 849 τροπαῖσνὲστησαν·
890 746 920 820 οἱ
934 739 970 820 δὲ
986 751 1177 847 Κερκυραῖοι
1194 785 1245 798 -
1260 751 1412 846 τροπαῖον

271 862 537 954 ἀντέστησαν.
569 860 783 961 Plerumque
809 888 880 937 non
908 863 1031 937 attinet
1054 863 1198 937 actionis
1223 861 1335 961 qualis
1358 878 1414 937 est

268 985 407 1083 tropaei
428 986 570 1076 erectio,
594 1011 823 1085 progressum
846 986 1040 1086 gradatum
1058 983 1237 1076 evolvere,
1252 986 1413 1060 nuntiare

270 1105 825 1208 suffieit3talibusigiturlocisaor.
835 1105 1157 1183 constativussuum
1165 1106 1281 1182 locum
1289 1109 1411 1184 habet.

271 1229 346 1304 Sed
377 1229 485 1304 etiam
516 1230 688 1330 ejusmodi
714 1229 818 1322 facta,
847 1255 943 1328 quae
970 1231 1113 1330 majoris
1140 1246 1220 1305 sunt
1247 1230 1413 1328 ponderis
1450 1273 1453 1280 ·

270 1367 307 1427 et
333 1350 452 1450 plures
478 1352 622 1427 actionis
649 1351 725 1427 sive
751 1353 980 1452 gradationes
1006 1353 1081 1426 sive
1108 1369 1292 1428 momenta
1315 1353 1412 1428 varia

271 1474 560 1572 complectuntur,
587 1474 747 1571 scriptor,
776 1474 805 1547 si
831 1500 877 1548 ea
898 1489 1082 1548 momenta
1105 1473 1280 1572 explicare
1303 1491 1412 1573 atque

272 1595 439 1672 evolvere
466 1621 536 1670 non
563 1596 693 1687 studet,
721 1595 919 1694 simpliciter
946 1596 1103 1670 nuntiare
1127 1611 1246 1694 potest
1268 1597 1411 1688 aoristo,

271 1717 367 1794 velut
403 1721 418 1792 l
462 1743 547 1810 112,
585 1743 610 1811 4
647 1719 955 1823 ἐναυμάχησαν
992 1721 1052 1797 καιΙ
1083 1717 1413 1825 ἐπεζσμσίχησαν

273 1835 368 1945 ἄμας
411 1841 498 1940 quia
532 1865 678 1940 pugnae
711 1839 845 1914 navalis
881 1840 1127 1938 pedestrisque
1163 1841 1411 1916 tantummodo

272 1978 588 2054 memorantur,
625 1963 774 2037 aoristus
811 1962 1006 2037 adhibetur.
1047 1962 1181 2038 Contra
1217 1965 1412 2038 eorundem

272 2087 474 2176 verborum,
515 2085 576 2158 ubi
616 2086 771 2159 actiones
808 2084 1137 2175 describuntur,
1167 2085 1413 2182 imperfectum

272 2225 467 2306 usurpatur,
510 2206 607 2281 velut
648 2207 700 2279 IV
747 2231 805 2299 14,
850 2231 870 2301 3
914 2218 948 2284 οἵ
983 2240 1016 2284 τε
1052 2202 1117 2313 γὰρ
1152 2211 1411 2311 Λακεδαιμόνιοι

273 2333 332 2410 ὑπὸ
366 2336 547 2436 προθυμίας
575 2332 632 2408 καὶ
661 2332 858 2422 ἐκπλήξεως,
887 2335 931 2421 ὡς
958 2335 1063 2421 εἰπεῖν,
1093 2326 1176 2408 ἄλλο
1204 2326 1297 2408 οὐδὲν
1325 2331 1346 2414 ἢ
1376 2333 1412 2408 ἐκ

273 2468 334 2558 γῆς
359 2451 655 2556 ἐναυμάχουν,
679 2462 713 2529 οἵ
722 2483 754 2529 τε
766 2447 927 2542 Ἀθηναῖοι
943 2460 1132 2556 κρατοῦντες
1146 2455 1202 2532 καὶ
1218 2452 1413 2558 βουλόμενα

271 2590 312 2680 τῇ
351 2571 499 2685 παρούσῃ
540 2571 628 2683 τύχῃ
670 2579 714 2666 ὡς
755 2576 802 2652 ἐπὶ
843 2581 989 2652 πλεῖστον
1026 2577 1199 2667 ἐπεξελθεῖν
1233 2575 1298 2654 ἀπὸ
1332 2591 1410 2652 νεῶν

272 2694 572 2803 ἐπεζσμσίχσνν.
603 2696 702 2770 Idem
723 2695 840 2770 aoristi
860 2722 943 2769 usus
957 2697 1116 2788 occurrit,
1132 2696 1191 2769 ubi
1205 2697 1336 2772 aoristo
1351 2723 1407 2787 ea,

273 2846 367 2918 quae
402 2845 469 2917 per
503 2816 640 2919 longius
675 2818 845 2916 temporis
881 2818 1036 2916 spatium
1062 2833 1168 2918 gesta
1195 2835 1285 2910 sunt,
1315 2846 1431 2894 com·-
1548 2919 1551 2926 ,

270 2969 394 3040 presse
430 2957 680 3032 memorantur,
718 2938 817 3014 velut
854 2942 869 3013 l
904 2959 988 3035 117,
1024 2965 1037 3012 1
1070 2943 1128 3019 καὶ
1156 2955 1214 3034 τῆς
1241 2939 1410 3033 θαλάσσης

270 3079 328 3158 τῆς
365 3061 441 3143 καθ’
477 3061 612 3155 ἑαυτοὺς
647 3062 885 3168 ἐκράτησαν
920 3063 1045 3168 ἡμέρας
1073 3069 1139 3168 περὶ
1166 3065 1325 3168 τέσσαρας
1353 3067 1409 3143 καὶ

271 3187 424 3265 δέκακαὶ
448 3188 750 3289 ἐσεκομίσαντσ
772 3191 829 3263 καὶ
854 3187 1157 3289 ἐξεκομίσαντο
1183 3179 1409 3290 dificilem,

271 3335 344 3406 quo
372 3307 452 3384 loco
479 3309 600 3406 utique
627 3334 693 3405 pro
721 3307 861 3402 duobus
887 3304 1013 3380 ultimis
1040 3307 1176 3382 aoristis
1202 3307 1409 3405 imperfecta

270 3431 454 3530 fiterativa)
476 3431 788 3528 exspectabamus,
812 3429 878 3503 sed
901 3429 1070 3503 aoristum
1089 3429 1235 3504 adhibet
1248 3430 1406 3527 scriptor,

270 3554 438 3652 quoniam
464 3552 569 3645 facta,
597 3553 671 3626 sive
701 3553 826 3626 iterata
852 3552 929 3625 sive
956 3549 1174 3649 aliquamdiu
1196 3552 1407 3644 continuata,

268 3692 455 3773 tamquam
481 3700 552 3749 uno
580 3688 772 3771 conspectu
800 3671 1053 3771 complectitur,
1083 3699 1196 3772 quare
1219 3675 1298 3774 jure
1320 3675 1408 3774 ejus-

269 3799 365 3874 modi
378 3799 549 3874 aoristum
570 3795 854 3895 complexivu
864 3824 901 3870 m
919 3798 1035 3871 dicere
1050 3797 1225 3898 (adjectivi
1239 3797 1409 3898 significa-

268 3923 363 3997 tione
389 3919 546 4020 paullum
574 3923 727 4018 mutata)
754 3921 856 3994 nobis
884 3921 1053 3995 videmur.

325 4044 436 4118 Hisce
481 4043 590 4117 tribus
632 4041 750 4116 aoristi
789 4042 979 4141 generibus
1019 4039 1265 4140 principalibus
1305 4042 1406 4142 (ingr.

269 4166 384 4240 effect.
407 4166 572 4261 constat.)
595 4163 827 4261 pertractatis,
847 4166 924 4264 jam
949 4163 1142 4261 quaeritur:
1168 4190 1263 4262 quae
1285 4165 1408 4238 notio

268 4275 329 4362 illis
370 4288 558 4388 generibus
599 4285 842 4360 communis
882 4285 959 4359 sit?
1000 4286 1110 4360 Porro
1151 4301 1251 4360 estne
1292 4285 1409 4360 aoristi

269 4409 544 4510 significatio
577 4407 807 4506 primaria,
837 4433 859 4482 a
887 4433 959 4506 qua
986 4407 1043 4482 illa
1070 4408 1134 4482 tria
1161 4433 1295 4508 genera
1322 4407 1408 4481 deri·

268 4532 343 4608 vari
362 4531 531 4630 possunt?
554 4529 616 4604 Ad
639 4520 892 4627 quaestionem
905 4531 1059 4628 priorem
1082 4528 1181 4604 facile
1204 4529 1409 4627 responderi
