3726 5656
1001 596 1048 648 22

451 799 526 873 que
548 774 764 855 alterutrum
788 798 937 881 tempus
960 783 1048 885 eligi
1076 814 1147 886 pro
1161 815 1305 887 genere
1320 795 1480 872 actionis
1495 801 1602 898 quod

452 922 563 972 sensu
599 902 805 1001 requiritur,
834 920 961 980 tamen
990 908 1109 984 multo
1138 913 1289 1010 saepius
1318 918 1369 991 ad
1397 918 1601 1021 designan-

451 1020 540 1094 dam
564 1025 749 1099 actionem
772 1028 975 1123 quandam,
1002 1053 1101 1128 quae
1120 1048 1294 1132 tempore
1308 1038 1468 1116 alteram
1483 1045 1601 1120 actio-

452 1169 550 1233 nem,
567 1146 676 1245 juxta
699 1166 959 1240 memoratam,
984 1157 1201 1250 praecessit,
1224 1161 1386 1236 aoristus
1400 1189 1519 1260 quam
1534 1167 1601 1240 im-

450 1268 655 1367 perfectum
679 1270 886 1348 adhibetur.
913 1273 1031 1374 Cujus
1047 1277 1100 1351 rei
1114 1303 1230 1354 causa
1244 1281 1340 1358 haec
1355 1300 1413 1361 est
1429 1289 1534 1384 quod
1549 1315 1598 1364 ea

452 1392 562 1484 actio,
604 1420 703 1491 quae
738 1392 896 1470 alteram
931 1398 1132 1488 actionem,
1170 1402 1220 1476 de
1257 1430 1334 1501 qua
1372 1433 1471 1482 nunc
1507 1395 1608 1486 data‘

454 1541 570 1614 opera
606 1518 741 1617 agitur,
771 1518 1021 1615 praecessisse
1049 1540 1291 1618 memoratur,
1321 1526 1547 1630 plerumque
1575 1561 1600 1610 a

451 1639 631 1737 scriptore
671 1657 709 1716 et
749 1639 889 1717 lectore
931 1643 1053 1718 minus
1091 1648 1296 1723 attenditur
1332 1677 1450 1748 quam
1488 1656 1597 1750 haec,

452 1764 614 1861 ideoque
650 1763 794 1839 formae
832 1766 1073 1862 punctativae
1110 1767 1133 1842 i.
1158 1795 1192 1845 e.
1231 1772 1372 1847 aoristo
1405 1776 1466 1850 hic
1492 1775 1599 1853 locus

452 1902 522 1962 est.
545 1885 633 1980 Quo
650 1885 691 1960 fit
705 1902 746 1961 ut
760 1888 992 1985 participium
1007 1890 1134 1965 aoristi
1149 1890 1227 1967 fere
1242 1919 1395 1993 semper
1408 1900 1599 1976 actionem

452 2009 600 2100 indicet,
644 2034 743 2105 quae
779 2010 965 2085 actionem
1002 2012 1108 2086 verbi
1146 2015 1308 2110 primarii
1346 2021 1599 2115 praecessisse

454 2132 617 2232 fingitur.
642 2133 789 2208 Eodem
813 2133 973 2229 pertinet
994 2134 1097 2232 quod
1117 2135 1154 2209 in
1178 2137 1221 2211 iis
1243 2140 1447 2216 enuntiatis
1469 2170 1597 2220 secun-

453 2235 577 2347 daiiis,
602 2281 701 2354 quae
724 2282 866 2331 meram
890 2257 1188 2353 praecessionem
1210 2261 1462 2359 temporalem
1486 2267 1598 2366 signi·

455 2381 580 2474 licant,
603 2378 824 2477 plerumque
839 2377 964 2452 aoristi
979 2375 1162 2475 leguntur.
1175 2381 1201 2478 ¹)
1218 2381 1468 2460 Nihilominus
1482 2389 1596 2463 etiam

453 2504 515 2593 ibi,
568 2502 629 2576 ubi
671 2502 805 2576 Latine
845 2499 1145 2598 plusqupfectum
1187 2504 1445 2584 adhibendum
1487 2510 1595 2603 foret,

454 2624 782 2722 imperfectum
810 2639 1019 2721 usurpatur,
1049 2650 1133 2698 curn
1161 2626 1319 2724 scriptor
1346 2631 1596 2710 actionem

455 2745 792 2848 praesenticam
808 2744 966 2821 dilucide
976 2748 1184 2844 exprimere
1193 2748 1284 2842 vult,
1295 2752 1400 2851 cujus
1411 2755 1464 2828 rei
1474 2780 1597 2830 exem·

456 2869 560 2970 plum
584 2869 742 2944 vidimus
766 2870 803 2945 in
827 2865 910 2943 loco
928 2868 1132 2944 laudatoV
1153 2877 1212 2964 16,
1234 2897 1247 2947 1
1268 2876 1596 2976 (ἠναντιοῦντο).

456 2993 614 3093 Aliquot
649 2991 764 3086 locos,
799 2992 934 3091 quibus
961 2993 1012 3067 sic
1040 2994 1200 3068 aoristus
1229 2995 1309 3070 sive
1337 2998 1597 3095 imperfectum

407 3195 411 3201 ,
456 3143 479 3192 a
506 3116 728 3212 Thucydide
756 3130 936 3213 usurpata
963 3130 1061 3203 sunt,
1090 3117 1292 3213 separatim
1321 3121 1505 3196 tractabo.

510 3239 572 3312 De
608 3236 846 3336 imperfecti⁹)
881 3252 919 3312 et
953 3237 1079 3311 aoristi
1115 3238 1305 3314 indicativi
1332 3241 1369 3314 in
1397 3243 1598 3319 enuntiatis

457 3360 705 3461 hypotheticis
733 3387 800 3436 usu
829 3387 904 3435 non
932 3385 1102 3434 seorsum
1130 3361 1323 3436 disseram.
1347 3363 1447 3438 Satis
1470 3365 1596 3441 habeo

456 3487 493 3560 in
535 3484 683 3559 lectoris
724 3485 889 3558 animum
925 3507 1105 3557 revocare
1142 3508 1189 3558 ea
1226 3509 1326 3581 quae
1362 3486 1412 3561 de
1448 3487 1520 3562 hac
1557 3513 1597 3562 re

458 3606 649 3706 praeclare
677 3597 848 3706 expdsuit
876 3605 1152 3703 Brugmannus,
1183 3605 1249 3680 Gr.
1280 3606 1369 3681 (ἕν.3
1392 3609 1440 3706 ἐξ
1466 3614 1596 3704 565-
1672 3652 1676 3658 =

460 3735 548 3825 567.
593 3729 709 3826 Apud
746 3728 1005 3829 Thucydidem
1042 3729 1078 3802 in
1115 3754 1257 3827 genere
1293 3730 1452 3805 eaedem
1490 3730 1596 3829 leges

457 3849 586 3927 valent
613 3878 711 3950 quae
739 3853 840 3951 apud
868 3868 1013 3927 ceteros
1036 3851 1234 3950 scriptores
1258 3851 1426 3926 Atticos:
1451 3878 1535 3926 cum
1559 3854 1596 3929 in

458 3974 600 4072 protasi
635 3972 756 4049 irreali
792 3991 870 4048 tum
907 3976 944 4049 in
980 3974 1139 4072 apodosi
1175 3973 1296 4048 irreali
1323 3974 1595 4072 imperfectum,

458 4099 488 4171 si
525 4112 673 4194 tempus
701 4122 891 4198 praesens,
921 4099 1091 4190 aoristus,
1121 4099 1151 4170 si
1179 4112 1327 4196 tempus
1354 4099 1596 4195 praeteritum

497 4282 523 4348 ι)
542 4297 621 4349 quam
642 4297 695 4332 rem
713 4282 775 4331 data
794 4295 873 4344 opera
892 4280 1012 4330 tractavit
1030 4279 1058 4328 in
1077 4295 1123 4329 sua
1142 4279 1325 4329 dissertatione
1341 4279 1488 4344 inaugurali
1505 4280 1598 4331 mulier

459 4369 609 4420 doctissima
634 4370 783 4419 Wntrrnno
807 4367 934 4416 Wannsu
952 4368 977 4415 A
996 4365 1072 4431 study
1092 4365 1122 4416 of
1136 4365 1330 4431 conjunctional
1350 4367 1479 4431 temporal
1496 4367 1597 4426 clauses

458 4458 487 4507 rn
504 4454 676 4521 ruuuyaiaes
693 4453 794 4521 (Berlin
815 4451 904 4520 ¹897)-

495 4541 523 4608 2)
541 4543 699 4609 Ubicunque
717 4539 896 4607 imperfectum
915 4539 983 4607 dico,
1002 4538 1081 4591 modo
1100 4555 1154 4590 non
1170 4538 1295 4607 indicato,
1306 4539 1453 4605 imperfecti
1469 4540 1596 4593 indica-

450 4631 556 4684 tivum
574 4629 644 4682 volo.
1570 4639 1573 4644 ·
