3726 5656
1010 533 1059 624 36

450 745 619 835 occurrit,
641 768 718 842 quo
741 741 959 841 designetur
983 738 1124 839 aliquid
1149 739 1252 839 quod
1267 737 1375 814 simul
1390 763 1475 813 cum
1491 737 1595 812 facto

450 866 625 965 primario
648 867 799 965 geritur,
823 862 928 940 velut
949 864 1001 937 III
1030 885 1091 956 σο,
1125 888 1138 936 1
1167 859 1211 941 ἔτι
1227 857 1294 968 γὰρ
1310 864 1599 967 ἐπολιορκοῦν-

449 1022 515 1084 το;
549 1012 609 1085 50,
654 1015 667 1063 1
707 980 817 1075 ἦσαν
851 985 888 1066 δὲ
915 988 1014 1091 ὀλίγῳ
1041 991 1169 1078 πλείους
1197 989 1314 1089 χιλίων
1343 986 1489 1082 (contra
1518 1008 1595 1058 aor.

452 1114 646 1218 ἐγένοντο
674 1135 830 1186 numero
859 1109 1009 1209 adjecto
1024 1106 1163 1183 indicat
1178 1107 1277 1182 hunc
1291 1098 1487 1182 n'umerum
1502 1132 1598 1180 sum-

453 1261 554 1309 mam
577 1233 726 1310 efficere
740 1258 980 1310 numerorum
996 1233 1193 1324 minorum,
1210 1230 1315 1330 cujus
1329 1230 1457 1305 aoristi
1471 1255 1595 1305 exem·

453 1357 516 1458 pla
544 1358 746 1432 afferentur
768 1356 863 1431 infra
886 1357 910 1453 §
939 1355 1019 1455 11);
1049 1354 1103 1428 VI
1125 1377 1210 1446 101,
1229 1375 1248 1448 5
1267 1344 1372 1439 ἡσαν
1386 1348 1451 1459 peip
1465 1359 1522 1431 καὶ
1536 1366 1600 1430 τῶν

454 1481 571 1561 ἱππέων
609 1475 717 1573 αὐτοῖς
752 1483 783 1558 οἱ
819 1480 933 1559 πολλοὶ
969 1480 1131 1573 ἐνταῦθας
1169 1476 1240 1549 VII
1273 1499 1335 1571 31,
1366 1497 1386 1574 5
1418 1482 1601 1582 ξυνὴμχε

455 1599 521 1709 peip
548 1602 615 1694 idn
643 1602 848 1708 Δημοσθένει.

482 1724 695 1824 (Aoristo
719 1739 846 1800 autem
874 1722 910 1798 in
934 1722 1149 1822 parenthesi
1174 1723 1297 1823 posito
1312 1721 1533 1823 plerumque
1548 1721 1599 1795 in·

458 1846 628 1922 dicantur
677 1847 779 1922 facta
821 1872 920 1946 quae
962 1847 1061 1922 sacta
1099 1846 1274 1945 primaria
1317 1860 1601 1946 praecesserunt

457 1969 561 2046 velut
596 1969 632 2044 V
670 1974 734 2064 48,
775 1994 793 2043 2
828 1967 866 2049 ori
894 1974 1144 2074 ξυνώμοσαν
1178 1970 1249 2062 „ad
1277 1971 1497 2046 societatem
1526 1991 1603 2041 non

459 2091 782 2192 accesserant'’.)

514 2216 623 2291 Nunc
658 2232 811 2291 transeo
848 2215 898 2291 ad
934 2240 980 2292 ea
1009 2215 1128 2292 verba
1164 2232 1203 2292 et
1232 2218 1433 2293 verborum
1460 2239 1603 2312 genera

461 2364 620 2438 quorum
648 2337 923 2438 significatione
949 2338 1123 2414 durativa
1146 2339 1199 2432 fit,
1223 2355 1265 2415 ut
1288 2339 1431 2439 majore
1445 2344 1602 2412 'numero

459 2461 716 2562 praesenticae
731 2485 845 2558 quam
856 2460 1051 2537 aoristicae
1061 2486 1191 2536 eorum
1203 2461 1346 2538 formae
1355 2461 1603 2552 inveniantur,

459 2584 539 2658 sive
567 2583 762 2658 aoristicae
790 2583 933 2658 formae
961 2584 1114 2659 omnino
1145 2610 1221 2660 non
1250 2598 1457 2659 occurrant.
1482 2584 1523 2657 In
1547 2583 1604 2657 his

460 2706 585 2781 verbis
621 2704 825 2781 tractandis
862 2705 987 2781 facere
1023 2732 1100 2781 non
1137 2731 1292 2806 possum
1330 2707 1419 2805 quin
1451 2730 1526 2779 una
1555 2706 1604 2780 de

460 2828 641 2903 aoristicis
676 2853 804 2904 eorum
839 2829 978 2919 formis,
1018 2853 1116 2928 quae
1154 2829 1254 2927 apud
1283 2844 1452 2903 nostrum
1480 2853 1605 2903 occur·

463 2966 560 3044 runt,
589 2976 717 3049 agam.

518 3073 604 3148 Huc
640 3073 827 3171 pertinent
863 3072 1042 3173 imprimis
1072 3099 1118 3149 ea
1145 3074 1264 3150 verba
1292 3074 1459 3173 quibus
1487 3073 1606 3174 ipsis

458 3195 552 3297 jam
589 3196 778 3294 propria
815 3196 1043 3294 quaedam
1079 3212 1150 3271 est
1178 3198 1309 3272 notio
1337 3221 1607 3295 permanen·

464 3319 527 3394 di:
557 3316 803 3423 ἡσυχάζειν,
830 3319 983 3423 μένειν,
1012 3323 1155 3413 οἰκεῖν,
1184 3327 1341 3426 ὁρμεῖν.

517 3441 633 3516 Verbi
661 3438 895 3546 ἡσυχάζειν
923 3439 1134 3540 permultae
1161 3441 1307 3517 formae
1334 3443 1603 3541 praesenticae‚

463 3563 499 3640 in
533 3565 667 3664 quibus
693 3564 810 3640 multa
841 3564 1072 3663 imperfecta,
1095 3582 1292 3640 occurrunt
1316 3591 1400 3641 cum
1424 3565 1605 3665 significa·

464 3690 566 3763 tione
609 3688 836 3785 „quietum
869 3714 917 3762 se
949 3688 1150 3764 tenere”.
1188 3689 1452 3787 Imperfectum
1490 3683 1605 3787 saepe

464 3809 717 3885 incohativum
740 3826 808 3905 est,
834 3809 938 3886 velut
962 3811 1015 3884 IV
1043 3837 1129 3906 124,
1147 3837 1167 3908 3
1185 3816 1214 3891 oi
1229 3812 1264 3891 di
1280 3819 1382 3892 λοιποὶ
1397 3813 1607 3919 διαφυγόντες

464 3933 542 4039 πρὸς
581 3929 622 4013 roi
658 3933 803 4039 μετέωρα
842 3931 1064 4038 ἡσύχαζον
1108 3935 1129 4010 i.
1156 3962 1189 4010 e.
1233 3936 1527 4032 conquieverunt
1568 3952 1607 4010 et

466 4054 693 4155 aliquamdiu
721 4055 758 4129 in
788 4056 914 4154 quiete
943 4073 1241 4154 permanserunt.

371 4159 376 4168 ¹
520 4178 730 4253 Aoristicae
779 4179 922 4254 formae
963 4206 1048 4256 raro
1090 4182 1337 4258 inveniuntur.
1382 4182 1607 4257 indicativus

467 4302 594 4377 aoristi
629 4302 705 4376 vim
738 4301 1053 4402 ingressivam
1082 4304 1198 4380 habet
1225 4306 1489 4380 tantummodo
1516 4306 1607 4379 VIII

468 4448 530 4518 92,
559 4429 580 4499 8
604 4425 700 4529 μόλις
721 4423 757 4504 δὲ
777 4439 840 4504 τῶν
864 4427 1084 4533 πρεσβυτέρων
1107 4427 1359 4542 διακωλυόντων
1382 4424 1609 4533 ἡσύχασαν

468 4548 491 4626 i.
506 4573 540 4622 e.
565 4547 873 4646 conquieverunt,
896 4549 946 4623 ad
970 4550 1134 4647 quietem
1159 4550 1301 4627 redacti
1329 4566 1437 4648 sunt3
1466 4550 1610 4649 partici-
