3770 5662
996 584 1066 636 102

458 777 546 875 Ego
582 776 634 852 sic
671 775 847 852 dixerim:
883 775 1090 850 aoristus
1124 790 1374 873 usurpatur
1406 777 1598 851 ubicun-

459 925 550 997 que
578 925 678 975 eum
696 899 922 997 quijubet
941 897 1288 974 nihildubitare
1312 898 1367 973 de
1385 899 1503 998 jussi
1523 925 1598 974 ex·

458 1023 702 1098 secutione
730 1022 1030 1120 cogitandum
1059 1036 1147 1114 est,
1173 1047 1265 1119 quo
1286 1022 1435 1096 aristo
1458 1022 1599 1121 igitur

457 1146 660 1243 scriptor
696 1169 783 1219 non
821 1143 865 1219 id
901 1145 1001 1243 agit
1036 1159 1083 1219 ut
1119 1144 1363 1242 significet
1400 1145 1597 1219 animum

453 1268 665 1368 jubentis
707 1293 810 1342 esse
851 1268 1079 1342 intentum
1121 1268 1164 1341 in
1201 1292 1299 1341 eam
1340 1293 1434 1341 rem
1476 1267 1599 1342 sutu-

457 1416 614 1466 rumne
663 1390 723 1465 sit
770 1404 818 1464 ut
864 1390 997 1488 jusso
1048 1390 1397 1487 obtemperetur
1437 1415 1599 1483 necne3

413 1605 416 1610 Ι
457 1513 721 1610 ubicunque
762 1528 918 1588 autem
959 1512 1002 1586 id
1044 1513 1205 1611 ipsum,
1256 1513 1278 1587 i.
1309 1539 1341 1588 e.
1388 1513 1599 1612 jubentis

458 1636 883 1735 exspectationem,
919 1635 1126 1711 indicare
1153 1633 1255 1711 vult
1281 1636 1502 1734 scriptor,
1530 1636 1599 1710 im·

459 1758 673 1856 perfecto
711 1758 873 1832 utitur.
912 1757 1001 1852 Quo
1036 1757 1077 1831 fit
1111 1774 1152 1833 ut
1177 1758 1439 1857 imperfectum
1465 1757 1502 1832 in
1530 1784 1599 1834 usu

458 1881 505 1954 sit
545 1880 755 1978 ubicunque
797 1881 955 1954 verbum
997 1877 1134 1960 κελεύειν
1178 1896 1376 1981 usurpatur
1418 1880 1600 1980 significa·

457 2003 560 2078 tione
600 2003 789 2101 petendi
830 2000 959 2101 (alqud
998 2003 1048 2078 ab
1088 2000 1217 2102 alquo)
1255 2001 1316 2080 vel
1353 2004 1597 2081 suadendi.

459 2124 585 2201 Facile
636 2124 852 2224 intelligitur
898 2126 1057 2200 verbum
1101 2121 1238 2208 κελεύειν
1280 2123 1468 2225 plerisque
1508 2124 1600 2204 locis

458 2249 560 2347 apud
594 2250 793 2348 scriptores
826 2247 1101 2347 significatione
1131 2250 1390 2348 exspectativa
1418 2249 1598 2328 adhiberi.

458 2371 576 2470 Apud
626 2387 795 2450 nostrum
837 2397 989 2470 quoque
1031 2372 1112 2470 ejus
1152 2373 1256 2446 verbi
1297 2370 1416 2448 multo
1458 2373 1601 2471 majore

460 2520 616 2569 numero
648 2495 906 2592 praesentieae
939 2519 1053 2592 quam
1082 2493 1278 2570 aoristicae
1304 2494 1449 2570 formae
1477 2521 1601 2570 occur-

458 2633 564 2710 runt3
593 2615 854 2713 imperfectum
885 2635 931 2712 75
963 2617 1154 2714 reperitur,
1183 2616 1257 2692 ind.
1288 2643 1365 2693 aor.
1391 2634 1537 2693 tanturn
1564 2642 1599 2714 5.

513 2739 713 2813 Pernotum
756 2754 813 2812 est
854 2739 1013 2812 verbum
1053 2744 1193 2843 λέγειν
1239 2740 1458 2838 saepissime
1498 2741 1602 2839 apud

459 2887 590 2937 omnes
626 2861 825 2958 scriptores
861 2861 1029 2960 usurpari
1065 2861 1117 2935 ita
1145 2877 1186 2935 ut
1213 2861 1314 2936 idem
1340 2860 1470 2938 valeat
1497 2865 1601 2962 quod

458 2981 608 3063 κελεύειν.
663 2982 986 3058 Animadvertisse
1028 2999 1153 3058 autem
1197 2984 1286 3058 mihi
1328 2985 1458 3060 videor
1498 2987 1600 3085 apud

459 3122 637 3196 nostrum,
662 3132 747 3181 cum
771 3106 928 3182 verbum
951 3107 1053 3212 λέγειν
1074 3107 1125 3181 ita
1139 3107 1328 3199 adhibeat,
1344 3109 1600 3208 imperfectum

458 3226 573 3334 (ἔλεγε,
586 3272 604 3284 -
619 3232 668 3327 ον)
711 3229 871 3304 eandem
913 3229 990 3304 vim
1032 3229 1172 3304 habere
1207 3256 1324 3329 quam
1361 3232 1485 3312 ἐκελενε
1522 3235 1600 3333 (εν)

457 3351 519 3427 vel
546 3350 681 3427 saitem
704 3353 741 3424 in
763 3350 827 3427 illo
846 3350 1065 3449 imperfecto
1089 3352 1160 3426 hoc
1184 3379 1338 3450 quoqne
1360 3379 1444 3428 esse
1465 3357 1600 3430 subau-

458 3475 652 3570 diendum3
677 3475 857 3550 aoristum
876 3489 1004 3550 autem
1029 3471 1145 3573 (εἷπον)
1170 3476 1304 3551 eadem
1328 3475 1601 3575 significatione

458 3599 626 3696 usurpari
663 3623 739 3695 qua
776 3622 855 3672 aor.
894 3597 1078 3677 ἐκελενσαν.
1109 3597 1223 3672 Verbi
1252 3597 1354 3703 λέγειν
1383 3599 1600 3697 impfectum

458 3723 593 3797 eodem
631 3746 744 3796 sensu
781 3745 857 3819 quo
891 3721 1016 3800 ἐκέλευε
1051 3721 1080 3817 (-
1094 3721 1144 3818 ον)
1174 3721 1276 3796 hisce
1302 3720 1394 3796 locis
1421 3723 1599 3800 occurrit:

458 3843 1600 3944 115,5311125,1332,2;1v38‚2;V1183,1;

458 3967 547 4039 VIII
577 3991 635 4056 12,
663 3991 697 4040 2.
721 3965 894 4040 Aoristus
921 3963 1006 4044 εἷπον
1035 3965 1171 4040 eodem
1196 3992 1307 4041 sensu
1329 3992 1408 4065 quo
1428 3969 1599 4049 ἐκελενσαν

458 4087 611 4186 legitur:
653 4090 667 4162 I
710 4113 795 4183 131,
832 4113 872 4182 13
902 4087 954 4161 IV
986 4112 1019 4178 2,
1053 4113 1072 4162 2
1103 4104 1142 4164 et
1169 4114 1215 4185 43
1244 4090 1336 4164 VIII
1364 4115 1428 4184 49,
1457 4116 1493 4185 4.
1525 4092 1600 4186 Qui

457 4210 527 4285 loci
556 4211 649 4284 infra
678 4213 701 4308 5
733 4236 775 4284 21
809 4210 924 4284 fusius
951 4213 1221 4287 tractabuntur.

512 4333 660 4407 Eodem
697 4334 857 4431 pertinet
894 4334 995 4431 quod
1022 4335 1128 4408 verbi
1155 4331 1326 4440 φράζειν
1356 4333 1510 4434 q'uoque
1536 4337 1599 4411 im-

459 4455 666 4554 perfectum
690 4456 881 4531 notionem
905 4455 1112 4553 imperfecti
1135 4458 1281 4537 ἐκελενον
1306 4457 1447 4534 habere
1462 4474 1599 4557 potest,

459 4577 653 4676 quomodo
683 4577 800 4653 semel
825 4580 926 4676 apud
954 4594 1122 4655 nostrum
1151 4579 1368 4656 adhibetur:
1400 4580 1453 4654 III
1488 4605 1545 4680 15,
1581 4607 1593 4656 1
