3726 5656
988 584 1034 658 32

493 773 592 849 Tum
643 770 782 846 contuli
825 769 1024 845 nonnullos
1065 770 1171 845 locos
1214 771 1349 870 quibus
1391 771 1582 870 imperfec-

441 913 520 971 tum
569 911 607 969 et
656 894 815 968 aoristus
855 893 957 967 vices
998 891 1186 969 alternant
1227 909 1265 968 et
1307 895 1463 993 exposui
1506 919 1581 991 qua

441 1019 586 1093 ratione
612 1017 783 1090 inductus
806 1016 962 1113 scriptor
985 1016 1020 1089 in
1045 1016 1181 1090 eodem
1206 1017 1429 1094 narrationis
1452 1033 1582 1090 tenore

441 1157 614 1238 tempora
636 1138 846 1214 variaverit.
869 1137 930 1211 Sic
945 1163 1061 1236 saepe
1076 1138 1235 1236 primum
1249 1138 1469 1237 imperfecto
1484 1137 1582 1212 actio

440 1263 520 1339 sive
561 1261 725 1336 conditio
766 1259 954 1359 generalis
994 1260 1223 1353 describitur,
1266 1260 1402 1335 deinde
1443 1260 1582 1335 aoristo

441 1411 549 1461 casus
573 1382 767 1482 peculiaris
790 1383 990 1475 nuntiatur,
1012 1381 1115 1458 velut
1131 1383 1183 1457 lll
1200 1389 1262 1478 96,
1282 1406 1302 1478 3
1326 1385 1581 1490 ἐπεβοήθουν
1613 1371 1620 1376 ’

440 1505 568 1601 πάντες,
605 1505 683 1586 ὥστε
719 1508 777 1585 καὶ
811 1509 842 1584 οἱ
876 1503 1009 1611 ἔσχατοι
1042 1502 1212 1609 'Oprovt'ov
1241 1551 1293 1561 —
1321 1508 1580 1614 ἐβοήθησανε

441 1628 659 1728 imperfecto
693 1652 894 1702 concursus
922 1626 1141 1703 auxiliorum
1170 1629 1233 1726 qui
1257 1629 1422 1726 undique
1452 1627 1493 1702 fit
1519 1629 1583 1702 de·

441 1752 620 1843 scribitur,
662 1751 801 1825 aoristo
844 1750 957 1826 etiam
997 1767 1188 1826 extremos
1224 1751 1449 1826 Aetolorum
1486 1749 1582 1825 inter

442 1900 489 1949 ea
516 1871 650 1947 auxilia
678 1873 791 1947 luisse
819 1873 1018 1948 nuntiatur.

459 2007 465 2014 '
497 1997 538 2070 ln
575 1993 749 2069 ulteriore
775 1995 886 2094 hujus
914 1993 1026 2070 libelli
1055 2011 1163 2093 parte
1191 1995 1253 2094 egi
1281 1995 1330 2070 de
1358 1995 1582 2093 quibusdam

441 2118 565 2193 verbis
609 2132 656 2191 et.
682 2117 883 2191 verborum
920 2117 1122 2214 generibus
1160 2143 1271 2215 quae,
1309 2117 1412 2215 quod
1450 2117 1582 2192 attinet

443 2241 493 2316 ad
514 2240 831 2339 praesenticarum
853 2240 932 2314 sive
955 2239 1211 2316 aoristicarum
1233 2266 1363 2315 eorum
1378 2241 1581 2314 formarum

442 2363 544 2460 apud
564 2361 824 2459 Thucydidem
848 2388 968 2454 usum,
992 2360 1164 2461 longiore
1188 2362 1443 2470 disquisitione
1466 2363 1583 2462 digna

443 2485 531 2560 mihi
561 2483 797 2577 videbantur,
826 2483 963 2582 scilicet
991 2484 1039 2559 de
1059 2485 1185 2559 verbis
1204 2490 1428 2579 ποιεῖσθαι,
1457 2482 1581 2590 ἔχειν,

442 2602 557 2712 ἄγειν
594 2631 679 2680 cum
715 2605 866 2680 nomine
893 2607 945 2680 ita
973 2607 1179 2705 conjunctis
1207 2623 1248 2681 ut
1276 2608 1380 2682 verbi
1407 2606 1583 2707 simplicis

441 2728 664 2828 significatio
706 2753 840 2803 exea
882 2728 1145 2827 conjunctione
1182 2730 1342 2824 evadat,
1382 2730 1430 2804 de
1464 2731 1582 2804 verbo

442 2851 577 2956 λέγειν
615 2864 653 2924 et
690 2847 771 2924 aliis
798 2850 922 2924 verbis
949 2849 1056 2924 simili
1083 2851 1356 2950 significatione
1384 2852 1581 2951 praeditis;

442 2974 490 3048 de
526 2973 650 3048 verbis
678 2979 895 3066 τελευτᾶν,
926 2968 1093 3078 ἄρχειν,
1123 2969 1352 3079 ἅρχεσθαις
1381 2975 1429 3049 de
1456 2974 1584 3049 verbis

441 3107 579 3188 νικᾶν,
632 3105 818 3202 κρατεῖν,
867 3101 1095 3190 ἡσσᾶσθαι,
1139 3096 1327 3192 ἅδικεῑνς
1369 3097 1418 3172 de
1458 3097 1583 3174 verbis

442 3244 540 3317 quae
564 3233 707 3293 motum
730 3217 912 3293 indicant:
938 3219 1064 3312 ἰέναι,
1094 3219 1285 3323 πέμπειν,
1313 3216 1477 3324 φεύγειν
1502 3245 1580 3295 es,

494 3341 592 3415 Tum
642 3340 798 3438 profecti
842 3341 891 3415 ab
934 3341 1107 3415 omnibus
1148 3341 1192 3415 iis
1232 3367 1330 3440 quae
1372 3342 1581 3441 disquisitio

442 3478 570 3538 nostra
611 3463 804 3555 docuerat,
841 3463 1112 3561 disputavimus
1148 3465 1196 3539 de
1232 3464 1456 3563 quibusdam
1491 3463 1582 3540 locis

442 3585 695 3682 Thucydideis
736 3584 870 3682 quibus
912 3583 973 3658 alii
1015 3586 1164 3660 codices
1205 3587 1477 3684 imperfectum,
1520 3585 1582 3662 alii

442 3708 621 3783 aoristum
671 3707 858 3799 exhibent,
910 3722 950 3781 ut
996 3709 1306 3784 constitueremus
1345 3725 1429 3784 utra
1470 3707 1581 3784 lectio

410 3843 413 3852 “
441 3831 512 3904 utri
543 3829 790 3928 praeferenda
817 3844 927 3904 esset.
957 3831 1151 3926 Quantum
1180 3831 1350 3906 codicum
1378 3831 1581 3907 auctoritas

440 3949 568 4027 valeat
603 3951 862 4050 disputationis
899 3951 1058 4027 fortasse
1096 3969 1254 4028 eventus
1289 3952 1380 4029 satis
1417 3953 1580 4029 docebit.

442 4075 542 4150 Nam
579 4089 619 4149 ut
655 4074 691 4148 in
729 4072 842 4149 dubia
880 4099 920 4147 re
947 4074 1037 4149 boni
1065 4076 1201 4151 codicis
1228 4073 1339 4151 lectio
1366 4075 1470 4152 litem
1499 4076 1582 4150 diri-

442 4223 544 4271 mere
585 4211 721 4295 potest,
763 4195 815 4270 ita
854 4198 1123 4294 anteponenda
1159 4213 1287 4274 tamen
1325 4199 1394 4273 erit
1430 4225 1582 4297 semper

440 4318 618 4393 librorum
655 4318 742 4393 fidei
779 4344 825 4393 ea
862 4318 1031 4395 doctrina
1067 4348 1165 4419 quae
1202 4346 1248 4395 ex
1285 4335 1461 4396 accurata
1489 4337 1582 4396 tem·

440 4466 573 4538 porum
616 4441 882 4515 observatione
915 4443 1089 4519 nascitur.
1130 4443 1453 4519 Animadvertisse
1491 4444 1580 4518 mihi

440 4562 572 4637 videor
606 4562 642 4636 in
680 4563 896 4663 hujusmodi
933 4589 1085 4664 quoque
1113 4567 1394 4666 quaestionibus
1422 4566 1580 4641 CLnssa·
