3770 5662
806 557 851 640 9¹

267 763 332 838 ie.
369 787 474 857 „cum
498 787 649 859 semper
670 785 770 838 nova
793 762 986 861 acquirere
1014 760 1232 856 studeant'’3
1261 743 1309 835 '12
1318 788 1352 857 3,
1387 787 1400 836 1

266 883 397 990 πάτριον
424 881 490 990 γᾶρ
515 886 594 988 ὑμῖν
622 887 658 963 ἐκ
686 900 749 963 τῶν
776 884 882 963 τιθνων
902 881 961 977 τάς
985 880 1101 988 ἀρετάς
1128 890 1308 963 κτᾶσθαι
1337 884 1359 959 i.
1372 909 1404 958 e.

274 1009 449 1103 „virtutes
477 1008 635 1082 sectari”
666 1008 782 1106 (quod
811 1007 861 1081 ad
888 1009 1112 1082 sententiam
1141 1008 1274 1082 attinet
1302 1009 1346 1084 ci.
1374 1010 1405 1082 Il

270 1158 333 1228 39,
378 1157 391 1204 1
432 1131 496 1204 ubi
533 1130 582 1204 de
618 1131 751 1204 eadem
780 1157 821 1206 re
849 1131 997 1204 dicitur:
1027 1131 1161 1234 ἐπιπθνφ
1190 1130 1406 1217 ἀσκήσει-

269 1254 312 1332 τὸ
347 1252 542 1356 ἀνδρεῖον
578 1254 877 1357 μετέρχονται).
922 1251 1158 1350 Participium
1200 1253 1407 1349 praesentis

269 1377 320 1450 ita
349 1389 548 1473 usurpatur
574 1374 675 1449 hisce
703 1373 809 1450 locis:
839 1376 872 1448 ΙΙ
903 1380 964 1465 62,
996 1399 1016 1469 3
1047 1383 1177 1478 αἴσχιον
1205 1373 1242 1453 δὲ
1270 1371 1408 1480 ἔχοντας

269 1497 480 1602 ἀφαιρεθῆναι
514 1497 535 1580 ἢ
574 1497 805 1600 κτωμένους
833 1497 919 1595 (ie.
949 1497 1225 1595 possessionem
1254 1495 1408 1595 alicujus

268 1621 321 1694 rei
363 1621 638 1717 consectantes)
681 1618 866 1725 ἀτυχῆσαις
906 1625 968 1714 65,
1009 1623 1031 1693 8
1069 1621 1102 1716 (ὁ
1138 1622 1313 1723 Περικλῆς)
1348 1617 1412 1698 οὐκ

269 1741 363 1847 ἤγετο
399 1748 530 1847 μᾶλλον
565 1737 617 1820 ἀπ’
647 1738 747 1820 αὐτοῦ
774 1742 811 1839 (i.
828 1767 861 1816 e.
890 1751 946 1820 τοῦ
974 1743 1133 1840 πλήθους)
1160 1741 1182 1824 ἢ
1212 1738 1309 1834 αὐτὸς
1336 1733 1407 1846 ἦγε,

269 1859 327 1943 θιά
354 1864 390 1942 τὸ
419 1863 467 1968 μὴ
496 1862 706 1967 κτώμενος
734 1866 770 1957 ἐξ
793 1860 830 1941 oti
852 1862 1077 1970 προσηκόντων
1100 1862 1159 1950 τὴν
1174 1857 1318 1966 δύναμιν
1333 1863 1409 1968 πρὸς

269 1987 394 2072 ἡδονήν
430 2018 460 2065 τι
497 1986 599 2090 λέγειν
637 1987 709 2062 ie.
751 2001 1001 2084 „potestatem
1030 1985 1098 2060 sibi
1127 1985 1308 2058 asciscere
1335 2000 1409 2057 stu-

271 2108 411 2204 dens”;
450 2108 616 2183 similiter
649 2109 700 2182 III
741 2133 801 2203 39,
840 2134 858 2181 2
889 2105 1033 2212 δύναμιν
1062 2106 1261 2210 κτώμενοι
1290 2121 1328 2180 et
1356 2106 1408 2179 III

272 2235 334 2319 82,
376 2235 397 2305 8
434 2239 518 2338 χειρὶ
554 2231 756 2336 κτώμενοι
793 2231 828 2309 to*
857 2240 997 2336 κρατεῖν.
1028 2229 1276 2328 imperativus
1305 2253 1409 2326 prae-

273 2353 389 2429 sentis
423 2354 500 2429 vim
529 2355 742 2429 conativam
771 2355 887 2429 habet
915 2353 968 2426 IV
998 2378 1060 2447 92,
1093 2371 1113 2448 7
1143 2355 1261 2446 δεῖξαι,
1289 2351 1336 2429 ἔτι
1364 2344 1409 2428 ών

270 2475 331 2580 μὲν
360 2479 497 2579 ἐφίενται
517 2477 594 2582 πρὸς
617 2473 693 2569 τοὺς
714 2475 763 2580 μὴ
789 2475 1035 2580 ἀμυνουμένους
1058 2473 1194 2567 ἐπιόντες
1221 2470 1409 2552 κτάσθυν

279 2623 366 2692 „eos
394 2599 601 2674 consectari
634 2596 822 2695 oportet'’.

326 2721 429 2818 (Alia
443 2721 727 2820 significatione,
744 2747 881 2819 nempe
902 2718 1130 2812 iterativa,
1152 2719 1258 2793 verbi
1272 2723 1410 2797 κτᾶσθαι

273 2843 416 2918 formae
453 2844 711 2942 praesenticae
748 2859 951 2943 usurpatae
987 2857 1073 2916 sunt
1109 2843 1210 2916 hisce
1246 2840 1354 2915 locis:
1395 2839 1410 2912 1

276 2986 337 3060 70,
376 2991 401 3060 4
438 2975 558 3045 οἴονται
595 2962 662 3072 γὰρ
699 2971 729 3045 οἱ
763 2965 824 3071 μὲν
861 2981 902 3072 τῇ
937 2965 1078 3068 ἀπουσίᾳ
1107 2960 1148 3043 ἀν
1176 2997 1205 3043 τι
1234 2967 1411 3041 κτᾶσθαι

279 3087 454 3185 „singulis
491 3089 788 3187 expeditionibus
826 3087 964 3185 aliquid
1001 3086 1237 3186 acquirere'’3
1272 3109 1357 3179 143,
1388 3105 1407 3178 5

275 3211 369 3316 (χρὴ)
405 3211 465 3298 τὴν
502 3211 670 3316 ὀλόφυρσιν
704 3211 753 3314 μὴ
791 3217 898 3289 οἰκιῶν
935 3213 992 3290 καὶ
1028 3223 1091 3315 γῆς
1125 3214 1290 3298 ποιεῖσθαι,
1322 3201 1412 3284 ἀλλά

273 3351 336 3412 τῶν
370 3331 552 3438 σωμάτων·
589 3331 626 3413 οὐ
662 3330 727 3440 peip
758 3331 837 3412 τάθε
864 3331 939 3425 τοὺς
967 3328 1107 3438 ἀνδρας,
1137 3327 1213 3409 ἀλλ’
1240 3334 1270 3408 οἱ
1297 3325 1412 3434 ἀνδρες

274 3465 379 3534 ταῦτα
415 3471 593 3535 κτῶνται
634 3456 848 3554 „acquirere
876 3453 1043 3548 solent”;
1074 3454 1106 3527 ΙΙ
1136 3476 1199 3546 40,
1229 3476 1253 3545 4
1282 3449 1318 3528 οἷν
1348 3445 1414 3555 γὰρ

275 3576 455 3683 τάσχοντες
478 3566 525 3672 εὖ,
549 3575 639 3658 ἀλλά
663 3582 799 3684 δρῶντες
823 3577 1013 3682 κτώμεθα
1032 3573 1107 3670 τοὺς
1121 3581 1231 3681 φιλους
1251 3572 1414 3669 „amicos

276 3700 468 3798 acquirere
496 3700 713 3800 solemus'’.)

330 3823 593 3922 Compositum
631 3823 894 3903 ἀνακτᾶσθαι
930 3819 1047 3897 semel
1082 3835 1228 3895 tantum
1257 3818 1415 3893 occurrit
1507 3842 1511 3850 ·

276 3961 392 4043 atque
429 3945 466 4019 id
503 3945 773 4043 significatione
810 3944 997 4038 conativa,
1037 3969 1174 4043 nempe
1210 3942 1263 4014 VI
1298 3966 1360 4034 92,
1390 3964 1415 4033 4

276 4065 346 4147 οὐθ’
381 4070 429 4146 ἐπὶ
462 4071 606 4173 πατρίθα
642 4054 744 4146 οὖσαν
778 4064 821 4145 ἔτι
855 4073 1002 4173 ἠγοῦμαι
1038 4074 1095 4144 νῦν
1131 4066 1221 4155 ι’ἔναι,
1259 4061 1340 4142 πολὺ
1379 4060 1415 4140 δὲ

277 4198 407 4294 μᾶλλον
433 4191 493 4278 τὴν
523 4188 583 4269 οὐκ
606 4177 708 4269 οὖσαν
737 4189 1002 4268 ἀνακτᾶσθαι
1033 4187 1090 4282 „id
1114 4212 1228 4283 agere
1250 4200 1292 4258 ut
1312 4210 1413 4256 recu-

277 4312 446 4410 perem’',
470 4338 569 4410 quae
591 4313 694 4386 notio
719 4311 798 4386 aliis
818 4312 943 4386 verbis
966 4311 1002 4384 in
1027 4310 1220 4384 enuntiato
1244 4307 1415 4405 sequenti

277 4436 329 4510 sic
353 4436 585 4532 exprimitur:
608 4437 644 4528 ὃς
667 4433 709 4513 ἂν
834 4440 1007 4541 τειραθῇ
1035 4429 1137 4519 αὐτὴν
1166 4433 1414 4535 ἀναλαβεῖν.

333 4557 595 4660 Compositum
625 4560 873 4639 ἐπικτᾶσθαι
901 4557 1002 4632 hisce
1030 4568 1176 4632 tantum
1204 4551 1295 4627 locis
1324 4550 1415 4645 (ubi-
