3770 5662
1002 579 1058 656 ⁵2

468 773 570 849 hisce
620 789 766 851 tantum
816 775 964 852 duobus
1014 774 1105 851 locis
1154 776 1307 876 legitur:
1361 777 1417 853 IV
1467 783 1530 876 85,
1586 805 1604 853 2

468 900 723 1004 ἠλπίσαμεν,
761 899 824 997 qui
859 924 938 975 aor.
967 914 1025 975 est
1053 899 1295 990 constativus,
1326 927 1401 1000 quo
1430 902 1608 976 Brasidas

469 1021 632 1096 breviter
691 1021 899 1096 Acanthius
955 1037 1085 1097 monet
1134 1023 1458 1099 Lacedaemonios
1506 1023 1609 1099 initio

468 1142 555 1220 belli
590 1170 762 1243 sperasse
799 1145 1028 1243 quidem...
1048 1205 1069 1235 .,
1109 1172 1195 1220 eam
1236 1161 1362 1221 autem
1400 1173 1508 1245 spem
1543 1173 1609 1222 eos

469 1264 642 1342 fefellisse
675 1268 777 1366 (spes
804 1283 1035 1343 memoratur
1062 1283 1220 1362 tantum,
1249 1295 1325 1344 non
1354 1270 1607 1370 describitur)3

470 1388 508 1460 V
547 1407 581 1484 7,
619 1413 639 1486 3
678 1393 710 1483 ἐς
743 1388 861 1497 μάχην
897 1390 957 1496 μὲν
993 1387 1059 1498 γὰρ
1096 1389 1171 1472 olo&
1198 1391 1368 1479 ’ἤλπισέν
1399 1397 1429 1472 οἱ
1455 1395 1609 1488 ἐπεξιέναι

471 1509 590 1592 οὐδένα
630 1514 805 1609 „omnino
842 1538 917 1588 non
954 1515 1186 1613 exspectavit
1222 1541 1452 1615 quemquam
1479 1542 1607 1592 secum

471 1661 639 1734 pugnam
667 1636 996 1712 commissurum’':
1025 1636 1167 1713 aoristo
1190 1638 1420 1738 significatur
1443 1664 1491 1713 ne
1509 1641 1609 1715 mini·

471 1783 572 1833 mam
601 1760 752 1858 quidem
780 1760 1100 1859 exspectationem
1127 1761 1164 1834 in
1192 1759 1335 1837 Cleone
1364 1763 1487 1838 luisse.

525 1882 699 1957 Tandem
741 1882 880 1981 aliquid
923 1883 1121 1958 dicendum
1158 1899 1216 1960 est
1253 1884 1301 1959 de
1336 1885 1438 1960 hisce
1473 1886 1609 1980 verbis,

472 2025 631 2103 quorum
668 2007 833 2080 omnium
861 2005 963 2104 apud
991 2019 1159 2081 nostrum
1188 2024 1345 2106 propter
1372 2009 1450 2082 vim
1478 2034 1610 2084 eorum

471 2126 680 2204 durativam
703 2123 828 2227 plures
850 2129 1106 2228 praesenticae
1128 2155 1242 2229 quam
1257 2130 1453 2209 aoristicae
1465 2132 1611 2208 formae

472 2252 727 2328 inveniuntur:
781 2251 1013 2358 ἀκμάζειν,
1067 2255 1172 2347 δεῖν,
1229 2256 1405 2349 δεῖσθαι,
1461 2259 1609 2367 δῃοῦν,

472 2369 693 2470 δύνασθαι,
736 2381 919 2467 θεᾶσθαι,
964 2380 1147 2481 θεωρεῖν,
1176 2372 1436 2482 θεραπεύειν,
1478 2374 1610 2485 μα’χε-

473 2503 587 2588 σθαι,
615 2499 808 2603 μέλλειν,
835 2502 1073 2603 πειρᾶσθαι,
1096 2494 1359 2605 πορεύεσθαι.
1381 2500 1610 2600 Desingulis

473 2647 593 2720 pauca
621 2620 754 2696 dicam.
913 2627 917 2636 '

525 2744 641 2818 Verbi
669 2740 897 2849 ιῖκμθζειν,
932 2742 1181 2838 ‚,florere'',
1211 2769 1287 2842 quo
1314 2771 1464 2844 semper
1491 2761 1610 2822 status

474 2867 655 2944 indicatur
697 2869 743 2966 (ἐν
781 2866 877 2976 ἀκμῇ
910 2865 1017 2966 εἶναι),
1054 2868 1317 2943 tantummodo
1353 2870 1611 2968 praesenticae

473 2991 629 3085 formae,
667 2991 704 3066 in
743 2990 877 3089 quibus
916 3016 935 3064 2
973 2990 1074 3089 impl.
1114 2989 1200 3089 (VII
1235 3015 1294 3085 12,
1325 3016 1370 3087 33
1400 2997 1462 3088 63,
1493 2994 1532 3091 4)
1559 2992 1611 3067 in·

472 3115 680 3192 veniuntur.

526 3237 642 3315 Verbi
657 3241 699 3317 δε
711 3247 725 3315 i
728 3267 745 3316 ν
761 3235 970 3336 permultae
984 3236 1127 3312 formae
1141 3237 1410 3336 praesenticae,
1425 3237 1461 3320 in
1478 3237 1611 3336 quibus

473 3386 657 3461 persaepe
699 3361 967 3459 imperfectum,
1005 3360 1251 3454 inveniuntur,
1290 3375 1420 3437 contra
1452 3361 1611 3437 aoristus

474 3486 620 3560 duobus
647 3499 793 3559 tantum
821 3483 912 3559 locis
939 3483 1092 3584 legitur'3
1122 3485 1225 3584 cujus
1252 3484 1305 3560 rei
1326 3511 1441 3560 causa
1463 3485 1612 3561 videtur

474 3607 577 3706 quod
604 3607 683 3684 fere
713 3632 862 3704 semper
890 3607 1107 3706 designatur
1134 3606 1273 3706 aliquid
1302 3608 1404 3707 quod
1433 3605 1611 3705 aliquam·

474 3731 536 3804 diu
579 3756 695 3828 opus
735 3754 854 3824 esse,
897 3731 1090 3823 debere,
1133 3745 1349 3829 oportere
1392 3731 1611 3829 fingendum

475 3867 543 3928 est.
584 3852 663 3929 lnd.
703 3878 780 3930 aor.
817 3852 952 3953 legitur
988 3837 1250 3930 tantummodo
1289 3855 1323 3928 ll
1362 3875 1423 3952 77,
1465 3877 1483 3952 5
1520 3864 1611 3935 τοῦτο

477 3976 514 4074 (i.
540 4001 573 4051 e.
612 3976 647 4054 τδ
681 3977 764 4084 πῦρ)
799 3975 835 4056 δὲ
867 3976 957 4083 μέγα
991 4009 1024 4055 τε
1047 3969 1088 4063 ἦν
1117 3984 1174 4056 καὶ
1201 3974 1275 4071 τοὺς
1302 3983 1474 4080 Πλαταιᾶς
1501 3967 1612 4059 τᾶλλα

475 4097 695 4202 διαφυγόντας
746 4100 918 4205 ελαχίσταν
967 4099 1108 4189 ἐδέησε
1152 4103 1333 4206 διαφθεῖραι
1375 4101 1397 4175 i.
1413 4126 1446 4176 e.
1490 4126 1611 4198 paene

475 4218 655 4318 perdidit:
695 4221 834 4297 aoristo
862 4221 1078 4320 exprimitur
1105 4248 1264 4320 parvum
1292 4221 1488 4298 discrimen
1517 4225 1610 4322 (aor.

475 4346 683 4441 moment).

530 4464 645 4542 Verbi
662 4466 883 4565 deponentis
904 4471 1069 4549 deiciat
1089 4467 1366 4566 „indigere'’,
1387 4469 1610 4570 „rogare’‘,

450 4590 683 4684 -„orare'‘,
725 4591 814 4665 item
851 4591 968 4667 multo
1001 4590 1125 4692 plures
1163 4592 1418 4693 praesenticae
1453 4593 1609 4688 formae,
