3744 5698
813 625 858 694 19

257 813 386 888 adesse
422 813 626 889 existimavi.
665 812 829 912 Exempli
856 814 973 915 gratia
998 815 1147 891 afferam
1174 814 1293 892 locum
1320 819 1403 891 VIII

260 955 323 1028 95,
355 956 375 1029 5
405 939 548 1041 ὀλίγον
576 936 650 1032 μέν
676 968 773 1016 τινα
800 937 953 1042 χρόνον
981 937 1070 1042 ὅμως
1096 945 1152 1017 καὶ
1177 939 1416 1044 οἷντέσχον,,

257 1053 363 1137 ἔπειτα
385 1065 457 1137 κτλ.
470 1087 478 1132 :
504 1057 635 1134 aoristo
652 1047 868 1159 significatur
882 1056 1068 1157 paululum
1082 1076 1221 1134 tantum
1235 1062 1401 1136 homines

257 1180 437 1272 restitisse,
467 1181 586 1255 statim
608 1180 713 1281 igitur
732 1207 756 1255 a
778 1181 947 1279 scriptore
970 1181 1018 1256 ad
1040 1180 1136 1257 aliud
1158 1183 1244 1282 quid
1265 1208 1400 1257 memo·

257 1302 410 1377 randum
437 1303 621 1378 transitum
648 1302 686 1376 iri
701 1305 737 1400 ¹).

312 1425 410 1499 Turn
443 1423 630 1500 nonnullos
665 1423 764 1500 locos
799 1450 823 1499 e
861 1425 1073 1524 Thucydide
1099 1425 1240 1520 contuli,
1269 1427 1402 1525 quibus

259 1546 391 1621 aoristo
426 1546 595 1622 indicatur
636 1547 725 1642 ,das
760 1572 802 1621 so
829 1548 923 1622 eben
949 1548 1226 1648 Eingetretene'’
1255 1575 1326 1623 non
1354 1575 1400 1625 eo

258 1683 423 1766 tempore
463 1695 537 1768 quo
574 1670 602 1744 is
640 1668 798 1768 quuitur
834 1670 896 1768 qui
932 1671 1103 1746 aoristum
1140 1672 1298 1763 adhibet,
1334 1673 1401 1746 sed

260 1790 387 1889 quovis
409 1807 572 1889 tempore
585 1791 777 1890 praeterito
791 1792 866 1867 sive
879 1793 997 1868 suturo
1012 1794 1113 1892 quod
1125 1794 1154 1868 is
1168 1794 1231 1891 qui
1246 1792 1403 1892 quuitur

259 1913 377 1989 animo
410 1940 478 1989 suo
508 1930 763 2018 repraesentat.
800 1915 1050 2015 Brugmannus
1064 1918 1089 2013 I)
1129 1943 1290 2014 quoque,
1320 1943 1401 1991 auc·

259 2052 337 2111 tore
363 2035 607 2111 Delbrueckio
635 2034 773 2137 (Vergl.
804 2035 904 2134 Synt.
934 2039 964 2110 II
989 2065 1026 2136 p.
1062 2041 1136 2133 284
1160 2042 1273 2137 sqq.),
1296 2065 1402 2146 sepaj

186 2145 192 2157 ’
258 2160 362 2234 ratim
390 2175 518 2235 tractat
551 2159 629 2255 ,die
655 2158 767 2251 Faue,
795 2186 852 2234 wo
880 2160 944 2234 der
965 2160 1157 2258 Zeitpunkt
1181 2161 1245 2234 der
1268 2161 1400 2236 Aorist-

259 2280 441 2383 handlung
466 2308 538 2357 von
564 2283 660 2358 einer
685 2308 1071 2382 angenommenen
1095 2282 1313 2382 Gegenwart
1335 2309 1401 2356 aus

259 2404 442 2480 bestimmt
471 2404 551 2479 ist’'.
581 2406 662 2479 Huc
688 2405 839 2503 pertinet
866 2405 954 2479 inter
981 2403 1067 2479 aiios
1094 2402 1193 2479 locos
1220 2405 1275 2479 hic
1301 2403 1401 2479 locus

261 2526 493 2601 HomerIcus:
510 2540 536 2604 Δ
563 2533 636 2602 160
650 2553 706 2626 sq.
723 2537 755 2606 εἴ
761 2560 818 2632 περ
834 2525 899 2632 γοῖρ
911 2560 944 2606 τι
958 2534 1016 2606 καὶ
1030 2524 1137 2606 αὐτίκ’
1149 2522 1327 2632 Ὀλύμπιος
1341 2523 1401 2605 οὐκ

262 2651 413 2742 ἐτελεσσε,
430 2647 466 2728 ἔκ
488 2683 520 2728 τε
545 2656 601 2728 καὶ
621 2649 677 2755 ὀψὲ
690 2658 782 2741 τελεῖ,
798 2645 857 2729 σι’νν
872 2682 903 2728 τε
917 2647 1051 2755 μεγαλῳ
1067 2648 1287 2729 α’πέτεισαν
1310 2649 1401 2744 ,und

260 2771 371 2847 damit
393 2772 427 2870 (i.
445 2798 477 2847 e.
506 2798 586 2846 cum
614 2771 854 2873 Trojanorum
882 2771 977 2846 male
1004 2770 1135 2846 Iactum
1163 2797 1186 2846 a
1212 2772 1304 2868 Jove
1330 2772 1401 2845 vin·

260 2894 413 2969 dicatum
433 2895 511 2993 erit)
535 2894 654 2968 haben
676 2894 727 2969 sie
741 2895 834 2969 dann
848 2892 1035 2995 gebiisst''.
1051 2894 1162 2992 Apud
1175 2894 1401 2969 Herodotum

260 3016 395 3115 aliquot
419 3015 504 3092 locis
531 3017 683 3092 aoristus
710 3017 758 3092 sic
786 3017 944 3108 occurrit,
974 3015 1073 3092 velut
1101 3019 1116 3090 I
1147 3042 1220 3110 194
1244 3013 1337 3096 ἐπεδιν
1357 3008 1400 3095 ὧν

260 3139 442 3219 ἀπίκωνται
455 3141 602 3233 πλέοντες
616 3142 647 3233 ἐς
660 3140 719 3228 τὴν
731 3145 916 3246 Βαβυλῶνα
929 3147 988 3218 καὶ
1002 3141 1194 3218 διαθέωνται
1209 3141 1262 3219 τδν
1273 3139 1400 3245 ρι’ρτον,’

260 3263 381 3367 νομέας
403 3260 464 3366 μὲν
486 3271 543 3340 τοῦ
565 3269 676 3341 πλοίου
701 3268 758 3341 καὶ
771 3262 831 3350 τὴν
846 3259 1005 3365 καλοῖμην
1019 3272 1129 3341 πᾶσαν
1154 3259 1217 3341 α’π’
1236 3252 1284 3340 διν
1308 3264 1400 3348 ἐκῆ·

259 3393 402 3491 ρνξαν»
423 3385 583 3482 („haben
619 3385 670 3460 sie
702 3385 795 3459 denn
817 3383 934 3486 gleich
957 3410 1004 3459 an
1026 3385 1083 3460 die
1105 3384 1400 3458 Meistbietenden

259 3506 575 3610 Iosgeschlagen'')
597 3502 657 3600 τολς
679 3507 715 3586 δὲ
741 3510 893 3613 διφθέρας
917 3505 1125 3601 ἐπισάξαντες
1150 3510 1197 3585 ἐπὶ
1220 3504 1295 3599 τοὺς
1309 3505 1402 3600 ’ὄνους

260 3626 540 3710 α’πελαῦνονσι
568 3632 600 3721 ἐς
623 3625 698 3722 τοδς
726 3625 922 3733 Ἀρμενίους,
946 3653 991 3702 ex
1014 3654 1087 3726 quo
1111 3624 1278 3725 exemplo
1302 3625 1402 3701 simul

260 3769 413 3852 apparet
439 3751 613 3853 ejusmodi
633 3749 717 3827 locis
739 3751 907 3826 aoristum
931 3766 968 3825 et
989 3776 1162 3848 praesens
1184 3751 1279 3824 vices
1301 3748 1401 3825 alter-

259 3903 346 3951 nare
380 3900 500 3974 posse.
539 3872 678 3972 Reliqui
714 3871 781 3948 loci
816 3873 1014 3948 Herodotei
1044 3873 1107 3970 qui
1133 3874 1203 3946 huc
1226 3872 1402 3969 pertinent

260 3997 392 4074 laudati
413 4013 495 4073 sunt
517 4023 540 4072 a
563 3996 694 4071 Steinio
717 3996 765 4069 ad
788 3993 809 4070 I.
826 3995 848 4070 I.
869 3995 979 4093 Apud
992 3995 1241 4092 Thucydidem
1256 4021 1402 4092 quoque

260 4122 409 4197 aoristus
436 4121 485 4196 sic
512 4119 710 4208 adhibetur,
733 4117 832 4195 velut
855 4119 886 4190 II
909 4141 973 4210 42,
998 4141 1018 4212 3
1045 4125 1102 4196 καὶ
1123 4113 1188 4221 γὰρ
1210 4107 1402 4209 τοῑςτᾶλλα

261 4251 382 4352 χείροσι
418 4247 547 4323 δίκαιον
583 4243 643 4330 τὴν
679 4245 711 4335 ἐς
747 4239 823 4334 τοὺς
858 4242 1020 4344 πολέμους
1056 4237 1132 4344 ὑπὲρ
1160 4253 1218 4331 τοῖς
1245 4242 1402 4343 πατρίδος

300 4489 378 4558 1)cf.
400 4496 490 4541 contra
508 4489 546 4538 IV
564 4502 609 4552 44,
631 4498 642 4538 1
663 4485 779 4548 χρόνον
796 4481 854 4546 μὶν
870 4475 923 4532 viv
941 4481 1043 4532 πολδν
1060 4479 1221 4544 ἀντεῖχον
1238 4477 1283 4531 οἶαι
1301 4476 1405 4530 tutatu-

259 4591 303 4634 τις
318 4572 453 4633 ἀλλήλοις·
469 4571 561 4623 ’ὄτειτα
578 4581 637 4624 κτλ.

297 4659 326 4727 2)
345 4660 390 4711 Gr.
411 4659 474 4711 Gr.³
493 4675 520 4725 p.
538 4671 600 4723 490.
