3770 5662
852 569 919 645 IX.

369 797 489 874 Servii
529 799 724 874 annotatio
761 799 810 874 ad
848 799 964 900 Verg.
1004 798 1082 876 Ecl.
1121 799 1159 876 X
1196 827 1251 876 vs.
1282 806 1334 894 46
1361 800 1457 898 (,‚Hi

314 961 449 1012 omnes
475 961 607 1011 versus
634 935 734 1014 Galli
762 953 847 1012 sunt
875 939 923 1016 de
952 937 1066 1036 ipsius
1094 935 1264 1014 translati
1292 938 1456 1014 carmini-

315 1071 427 1172 bus’')
455 1098 532 1150 non
560 1089 708 1172 spectat
734 1075 802 1150 nisi
829 1102 904 1152 uss.
935 1082 1107 1169 46-49,

862 1365 912 1441 X.

368 1579 460 1656 Tac.
505 1580 607 1655 Ann.
646 1580 697 1655 IV
737 1604 780 1675 3:
810 1590 846 1656 et
872 1581 959 1680 quia
987 1582 1024 1656 vi
1051 1596 1109 1656 tot
1136 1578 1244 1656 simul
1272 1581 1457 1680 corripere

318 1719 489 1813 intutum,
518 1717 627 1794 dolus
654 1716 850 1795 intervalla
878 1717 1059 1796 scelerum
1087 1720 1279 1819 poscebat.

370 1857 505 1958 Injuria
535 1857 752 1932 Nurunour
781 1855 920 1933 delevit
947 1866 992 1933 et.

851 2095 919 2208 xl.

368 2350 574 2426 Decretum
610 2347 998 2426 Halicamassensium
1029 2349 1134 2448 quod
1157 2347 1294 2452 legitur
1315 2348 1353 2425 in
1376 2349 1457 2425 Dit-

314 2488 527 2587 tenbergeri
563 2485 720 2588 Sylloge
755 2489 782 2562 Ι.
826 2511 871 2562 10
899 2488 1085 2585 pertinere
1113 2487 1261 2562 videtur
1289 2486 1339 2560 ad
1363 2486 1457 2560 sedi-

170 2647 173 2652 ·
314 2625 456 2701 tionem
485 2623 740 2700 Halicarnassi
763 2626 901 2702 factam
926 2651 1025 2724 quae
1049 2626 1248 2704 Herodoto
1271 2639 1313 2701 ut
1336 2623 1457 2724 patria

316 2761 516 2863 pelleretur
543 2788 657 2840 causa
682 2763 760 2840 fuit.

843 3039 929 3115 XII.

368 3255 484 3352 Quod
513 3254 713 3354 Appianus
741 3257 784 3332 B.
802 3255 844 3332 C.
862 3256 894 3330 II
913 3281 985 3350 149
1013 3269 1141 3334 narrat
1169 3255 1217 3332 de
1246 3254 1456 3332 Alexandri

313 3391 364 3468 ad
406 3392 607 3472 Ammonis
647 3392 839 3470 oraculum
880 3393 1011 3472 itinere
1051 3419 1098 3468 ex
1140 3391 1291 3468 Arriani
1327 3393 1454 3469 Anab.

313 3530 365 3606 III
402 3553 463 3625 3‚3
500 3556 557 3628 sq.
594 3531 848 3630 deprompsit3
877 3530 981 3630 quod
1008 3546 1135 3610 autem
1162 3530 1301 3606 ibidem
1330 3546 1458 3606 narrat

314 3665 609 3744 de'Alexandro
632 3693 700 3767 per
728 3667 971 3769 Pamphyliae
1000 3694 1106 3745 oram
1135 3668 1359 3745 maritimam
1386 3668 1457 3744 iter

313 3804 462 3882 facienti
489 3833 512 3885 e
541 3805 726 3884 Plutarchi
754 3806 832 3884 vita
862 3805 973 3883 Alex.
1004 3834 1035 3884 c.
1067 3811 1115 3902 63
1146 3807 1364 3905 desumpsit.

830 4099 939 4174 XIII.

371 4297 510 4398 Injuria
532 4298 725 4375 contendit
749 4299 931 4376 Ssuumus
946 4300 997 4398 (in
1011 4298 1256 4374 annotatione
1270 4299 1320 4374 ad
1334 4300 1453 4374 Thuc.

314 4439 349 4513 ll
388 4439 493 4535 34,4)
534 4436 696 4514 Athenis
735 4438 970 4516 interdictum
1007 4439 1120 4515 fuisse
1157 4437 1371 4518 mulieribus
1407 4465 1455 4516 ne

313 4575 497 4675 exsequiis
526 4574 759 4652 interessent.
