3726 5656
1014 531 1064 603 24

468 726 567 800 unde
582 725 838 823 imperfectum
853 726 903 798 ab
918 722 960 797 iis
974 724 1183 798 vocabatur
1201 721 1320 828 χρόνος
1334 721 1609 829 ταρατατικός,

468 849 570 945 quod
608 873 745 922 nomen
783 844 993 920 Scholiasta
1024 846 1073 920 ad
1104 842 1276 944 Dionysii
1304 843 1461 928 Thracis
1489 860 1609 920 artem

466 970 751 1068 grammaticam
775 970 826 1043 sic
850 970 1166 1067 interpretatur1):
1183 966 1404 1074 παρατατικές
1419 969 1483 1047 ἐστι
1498 963 1610 1047 καθ’ὂν

466 1100 485 1172 ὁ
510 1091 570 1195 μὲν
597 1094 715 1197 χρόνος
738 1089 944 1197 παρῷχηται,
965 1091 1008 1168 τὸ
1031 1089 1076 1169 δὲ
1100 1087 1212 1195 ἔργον
1234 1085 1337 1195 μετὰ
1360 1087 1610 1197 παρατάσεως

465 1215 714 1318 πέπρακται,
729 1209 794 1292 οἷον
814 1209 997 1304 ἕτνπτον,
1013 1208 1184 1304 ἔπειθον,
1200 1214 1416 1291 ἐπαίδευον.
1426 1212 1453 1309 ⁹)
1468 1212 1610 1307 Quam·

470 1361 584 1433 quam
595 1351 721 1410 autem
732 1334 939 1432 praesentis
948 1335 1077 1408 thema
1087 1333 1211 1408 multis
1222 1334 1341 1431 iisque
1351 1333 1608 1408 diversissimis

468 1457 590 1531 modis
617 1458 799 1532 formatur
826 1471 989 1554 suntque
1011 1481 1123 1552 porro
1146 1456 1316 1530 themata
1341 1457 1548 1552 praesentis
1571 1470 1610 1532 et

470 1579 596 1654 aoristi
612 1605 771 1677 quorum
781 1559 944 1653 rationes
959 1575 1341 1675 morphologicae
1354 1602 1506 1674 prorsus
1516 1577 1610 1652 inter

468 1727 510 1776 se
533 1698 671 1775 similes
693 1716 778 1775 sunt
802 1700 1054 1798 (conferantur
1068 1725 1100 1775 e.
1116 1725 1154 1799 g.
1178 1700 1323 1774 formae
1347 1697 1436 1803 ἔφην,
1458 1697 1609 1805 ἔγραφον,

469 1819 619 1927 ἔγλνρον,
643 1819 771 1926 ἔγεμον,
796 1847 895 1919 quae
918 1822 1148 1920 imperfecta,
1172 1848 1256 1896 cum
1276 1821 1404 1896 formis
1419 1820 1610 1896 simillimis

469 1943 575 2038 ἔστην,
591 1941 740 2049 ἔτραπον,
756 1941 884 2049 ἔφυγον,
900 1944 1057 2048 ἐγενόμην
1072 1969 1171 2042 quae
1186 1945 1312 2019 aoristi
1326 1945 1457 2042 sunt³),
1469 1959 1609 2038 tamen,

469 2067 573 2164 quod
601 2066 651 2152 ad
678 2067 986 2164 syntacticum
1015 2092 1122 2140 usum
1145 2066 1288 2160 attinet,
1314 2092 1446 2141 omnes
1466 2067 1611 2142 sormae

377 2240 379 2244 .
469 2188 725 2288 praesenticae
762 2204 948 2286 utcunque
985 2188 1169 2263 formatae
1206 2190 1277 2263 hac
1313 2215 1354 2264 re
1386 2206 1608 2288 congruunt,

470 2312 572 2409 quod
610 2311 775 2385 animum
812 2311 997 2386 audientis
1033 2312 1113 2386 sive
1150 2311 1297 2385 lectoris
1332 2312 1532 2386 attendunt
1559 2313 1610 2386 ad

470 2433 618 2507 diversa
640 2432 795 2506 actionis
811 2447 1016 2523 momenta,
1032 2458 1131 2530 quae
1145 2448 1341 2530 tamquam
1364 2431 1493 2508 linea
1510 2432 1610 2509 evol·

471 2569 621 2642 vuntur,
671 2554 761 2628 dum
803 2555 905 2629 omni
945 2556 982 2630 vi
1023 2553 1229 2653 perfectiva
1269 2581 1421 2653 prorsus
1461 2571 1610 2651 carent3

470 2677 683 2774 exprimunt
731 2678 918 2752 actionem
961 2678 1241 2776 cursivam⁴)‚
1284 2678 1611 2775 parataticam

470 2800 492 2875 i.
523 2824 556 2874 e.
600 2800 846 2893 extensivam‚
889 2800 1052 2898 denique
1094 2800 1334 2874 actionem
1375 2799 1608 2876 infectam.

471 2921 754 3019 imperfecto
793 2923 938 3019 igitur
974 2923 1099 2997 actio
1136 2923 1312 2997 infecta
1343 2922 1400 2996 ad
1428 2936 1610 3020 tempus

470 3044 776 3142 praeteritum
811 3044 1064 3142 refertur.⁵)
1096 3044 1156 3118 Ex
1183 3045 1226 3116 iis
1255 3069 1353 3141 quae
1381 3045 1611 3141 praecedunt

470 3166 562 3240 varii
590 3166 794 3264 imperfecti
823 3192 911 3240 usus
934 3164 1042 3242 facile
1070 3165 1230 3242 derivari
1258 3181 1427 3264 possunt.

470 3441 499 3476 or
523 3442 551 3477 as
575 3425 688 3480 aoristic.
713 3425 770 3476 The
793 3432 899 3491 present
923 3425 1094 3490 stemshows
1113 3425 1252 3476 enantion
1271 3425 1451 3493 extended,
1470 3425 1611 3478 theoorist

468 3528 503 3563 an
521 3513 608 3564 action
627 3511 838 3563 concentreted''.

509 3598 535 3667 1)
553 3597 666 3668 Bekkeri
685 3596 787 3649 Auecd.
807 3616 834 3664 p.
854 3598 915 3667 889,
935 3613 966 3650 21
988 3615 1049 3664 sqq.

506 3685 535 3752 2)
553 3684 753 3736 Observandum
768 3692 807 3735 est
819 3684 873 3749 jam
882 3684 925 3735 hic
934 3685 1048 3736 discerni
1057 3680 1173 3748 χρόνον
1182 3685 1332 3754 (Zeitstufe)
1341 3681 1464 3748 ab'tm
1474 3684 1609 3756 (Aktion).

507 3767 536 3841 3)
557 3771 598 3822 Cf.
617 3772 722 3836 Brugm.
741 3771 786 3822 Gr.
806 3771 871 3822 Ειτ.1
889 3788 914 3838 p.
935 3770 996 3822 268.

506 3859 536 3925 4)
556 3874 610 3923 qua
634 3873 698 3908 voce
722 3874 784 3908 usus
809 3875 866 3909 sum
884 3861 1032 3910 auctoribus
1051 3860 1229 3911 Delbrueckio
1248 3867 1273 3911 et
1292 3862 1470 3929 Brugmanno,
1487 3862 1533 3927 qui
1551 3861 1609 3930 (tl.

471 3962 497 4011 p.
516 3943 582 4012 472)
608 3960 699 3996 vocem
729 3945 893 4010 „Kursive
920 3944 1065 3996 Aktion''
1091 3947 1127 3996 sic
1150 3947 1346 4013 interpretatur:
1373 3949 1440 4013 „Die
1464 3948 1610 4016 Handlung

470 4032 536 4084 wird
558 4031 710 4082 verlaufend
733 4032 887 4097 vorgestellt
911 4033 979 4082 ohne
1004 4033 1147 4084 Ritcksicht
1171 4035 1219 4084 auf
1239 4035 1357 4086 einzelne
1382 4034 1452 4086 Akte
1470 4035 1609 4087 iunerhalb

472 4119 610 4170 derselben
637 4119 690 4169 und
717 4134 756 4185 so,
779 4118 839 4169 dass
865 4119 996 4189 Aulangs·
1020 4119 1075 4170 und
1100 4120 1248 4187 Endpunkt
1271 4137 1317 4171 aus
1342 4120 1402 4172 dem
1422 4121 1610 4173 Gesichtskreis

470 4207 586 4274 bleiben‚
611 4206 660 4256 wie
685 4222 706 4256 z.
723 4208 752 4257 B.
772 4206 816 4256 bei
835 4205 899 4256 nhd.
920 4212 1048 4274 tragon,
1067 4208 1212 4272 steigen.
1229 4207 1334 4276 (Bisher
1352 4209 1429 4260 meist
1448 4208 1608 4260 durative

470 4292 534 4343 oder
551 4292 594 4342 im
600 4291 678 4356 perf
682 4291 799 4343 ektive
819 4292 974 4344 Aktionsart
992 4292 1150 4362 genennt.)”

508 4377 536 4446 5)
553 4378 745 4429 Tantummodo
764 4378 946 4444 imperfectum
963 4381 1042 4445 ’ἔφαν
1061 4379 1113 4431 duo
1123 4381 1234 4432 actionis
1249 4397 1345 4448 genera
1360 4381 1500 4448 (actionem
1508 4383 1609 4435 antisti·

470 4481 528 4516 cam
551 4472 577 4515 et
601 4465 732 4515 actionem
757 4464 948 4533 praesenticam)
973 4467 1118 4532 exprimere
1143 4484 1230 4536 posse,
1248 4484 1294 4519 suo
1312 4469 1370 4519 loco
1388 4469 1458 4536 (oum
1477 4469 1510 4520 de
1528 4472 1608 4522 verbo

473 4552 587 4620 atym
606 4557 632 4604 et
650 4551 709 4604 aliis
728 4554 814 4606 verbis
833 4553 939 4605 dicendi
953 4569 1037 4623 agam,
1055 4553 1069 4624 ᾖ
1086 4556 1133 4622 21)
1152 4554 1329 4608 demonstrare
1347 4557 1469 4610 conabor.
