3770 5662
825 581 876 653 49

278 803 438 877 χαις-
466 769 585 876 ὀμόσαι
617 769 732 880 ἕρκους
760 769 921 866 ἀλλήλας
948 778 1033 862 κτλ.,
1064 798 1140 871 quo
1168 771 1252 850 Ioco
1280 775 1413 873 imper-

278 892 415 969 fectum
438 909 649 994 usurpatur,
675 894 763 994 quia
786 893 824 969 id
838 894 1049 971 consultum
1064 921 1140 971 non
1154 922 1277 994 perse
1291 912 1413 973 ratum

277 1016 365 1113 fuit3
394 1018 495 1117 prius
522 1018 621 1092 enim
648 1018 890 1094 sanciendum
918 1018 985 1095 suit
1011 1029 1085 1114 ταῖς
1106 1019 1253 1124 τέσσαρσι
1277 1025 1415 1126 βουλαῖς

276 1155 340 1220 τῶν
368 1154 511 1220 Βοιωτῶν
539 1142 577 1240 (ξ
609 1143 658 1240 2).

332 1262 543 1362 Aliquoties
557 1266 664 1343 δοκεῖν
679 1263 863 1365 significat
877 1325 891 1359 ,‚
904 1263 1163 1354 arbitrari”,
1181 1265 1414 1365 „putare’';

276 1385 484 1485 cujusmodi
505 1385 595 1461 locis
616 1411 765 1485 semper
788 1387 932 1462 formae
953 1388 1210 1484 praesenticae
1224 1387 1411 1488 leguntur,

276 1505 382 1583 velut
409 1509 462 1582 IV
497 1533 554 1603 14,
587 1533 606 1583 2
637 1508 792 1608 (impf.);
824 1514 886 1602 62,
919 1534 961 1605 23
990 1510 1026 1583 V
1052 1514 1122 1605 883
1150 1512 1311 1587 aoristus
1334 1527 1412 1586 tan-

277 1632 472 1706 tummodo
510 1631 645 1730 legitur
681 1631 735 1705 VI
780 1655 865 1727 104,
907 1657 927 1728 3
966 1641 985 1711 ὁ
1022 1631 1058 1713 δὲ
1087 1639 1207 1728 Νικίας
1233 1633 1411 1741 πυθόμενος

276 1751 386 1832 αὑτὸν.
411 1754 630 1860 προσπλέοντα
666 1755 804 1862 ὑπερεῖδε
840 1757 876 1834 τὸ
913 1760 1036 1850 πλῆθος
1069 1771 1132 1835 τῶν
1169 1771 1248 1837 νεῶν
1277 1799 1328 1814 -·
1356 1759 1413 1837 καὶ

205 1890 207 1894 ’
276 1876 505 1986 λῃστικῶτερον
527 1873 547 1954 i'
548 1879 627 1972 δοξ
633 1909 647 1955 ε
668 1878 988 1984 παρεσκευασμένους
1001 1886 1089 1958 πλεῖν
1103 1877 1126 1954 i.
1143 1905 1176 1954 e.
1199 1879 1411 1978 „putavit”:

275 2021 353 2074 aor.
388 2014 584 2098 usurpatur
615 2000 704 2097 quia
735 1998 797 2076 illa
830 2000 959 2076 Niciae
986 2001 1112 2100 opinio
1136 2027 1210 2077 non
1235 2001 1412 2102 aliquam-

275 2122 338 2196 diu
366 2121 583 2197 continuata
606 2122 826 2197 describitur
848 2123 916 2198 sed
937 2125 1200 2199 tantummodo
1227 2141 1413 2223 quatenus

276 2270 362 2320 eam
398 2246 571 2344 concepit
598 2245 751 2321 simulac
779 2245 840 2322 ille
867 2247 1015 2322 nuntius
1044 2247 1235 2351 (πυθόμενος
1262 2250 1351 2347 κτλ.)
1379 2249 1413 2323 ei

275 2367 411 2443 allatus
438 2385 507 2444 est.

329 2492 454 2566 Etiam
482 2491 855 2567 animadvertendum
884 2493 1004 2568 estin
1033 2517 1080 2567 ea
1102 2490 1289 2568 locutione
1313 2519 1411 2591 quae

276 2630 333 2690 est
365 2616 443 2713 (ὡς)
483 2617 572 2720 ἐμοὶ
604 2618 759 2708 δοκεῖν,
808 2630 868 2710 „ut
910 2616 997 2689 mihi
1035 2615 1186 2714 quidem
1224 2616 1409 2710 videtur’',

274 2764 424 2838 semper
460 2738 561 2838 apud
596 2765 728 2816 omnes
764 2739 963 2839 scriptores
991 2739 1159 2838 usurpari
1187 2739 1408 2814 infinitivum

275 2855 551 2960 praesentis,
581 2887 656 2936 non
684 2861 830 2956 aoristi3
860 2863 962 2961 apud
989 2877 1158 2938 nostrum
1186 2887 1233 2936 ea
1244 2861 1411 2938 elocutio

273 2982 410 3083 legitur
443 2984 514 3058 Vll
553 2987 616 3080 87,
654 3007 674 3080 5
714 2988 821 3064 δοκεῖν
849 2981 1010 3091 δ’ἕμαγες
1038 2984 1131 3058 VIII
1163 2989 1224 3079 64,
1256 3008 1275 3080 5
1302 2989 1410 3065 δοκεῖν

273 3106 315 3185 δέ
347 3140 403 3212 μα
441 3108 532 3205 (quo
568 3104 659 3181 loco·
681 3132 765 3181 curn
795 3105 978 3182 Classeno
1006 3122 1045 3182 et
1075 3104 1203 3181 Hudio
1231 3132 1253 3182 e
1281 3108 1411 3183 codice

272 3228 459 3304 Vaticano
496 3229 750 3329 recipiendum
786 3246 879 3329 puto
906 3234 1016 3310 δοκεῖ
1020 3260 1050 3326 κ,
1080 3254 1155 3305 non
1183 3232 1284 3309 δοκεῖ
1307 3232 1410 3330 quod

273 3352 387 3427 ceteri
414 3352 524 3427 codd.
554 3352 762 3450 praebent).

328 3475 376 3549 lis
403 3475 527 3550 verbis
555 3499 654 3574 quae
677 3502 745 3551 sua
769 3490 901 3551 natura
924 3492 1040 3574 atque
1059 3474 1185 3552 indole
1208 3476 1410 3574 praesenti-

273 3623 337 3673 cas
375 3598 516 3673 formas
552 3598 768 3697 praeferunt
805 3598 985 3674 aoristicis
1022 3599 1136 3675 etiam
1165 3624 1409 3675 annumeran-

272 3721 363 3795 dum
379 3735 436 3796 est
450 3720 607 3796 verbum
620 3718 798 3828 βούλεσθ
808 3754 869 3816 αις
885 3721 1106 3821 plerumque
1121 3722 1220 3797 enim
1234 3720 1411 3798 voluntas

273 3842 501 3942 aliquamdiu
525 3843 740 3921 continuata
765 3845 951 3919 mentibus
973 3843 1154 3919 lectorum
1169 3845 1409 3944 proponitur3

274 3992 350 4066 quo
375 3967 416 4041 fit
438 3981 479 4042 ut
502 3968 582 4068 ejus
596 3968 700 4043 verbi
715 3968 972 4067 imperfectum
990 3974 1012 4043 6
1017 3993 1037 4063 3
1054 3983 1235 4062 occurrat,
1252 3968 1410 4043 aoristus

273 4105 400 4165 autern
435 4091 632 4189 perpaucis
661 4089 752 4165 locis
780 4090 999 4167 inveniatur.
1031 4089 1258 4165 Indicativus
1285 4090 1411 4165 aoristi

273 4213 439 4311 quinque
475 4214 589 4287 modo
628 4212 719 4288 locis
752 4211 900 4312 legitur,
937 4239 1096 4311 quorum
1125 4213 1242 4288 tribus
1270 4214 1410 4311 (1194,

280 4361 317 4431 13
357 4336 409 4408 Ill
455 4358 539 4430 113,
581 4340 625 4430 ⁶3
664 4335 754 4410 VIII
793 4338 855 4430 87,
896 4337 935 4434 4)
970 4335 1176 4411 secundum
1213 4361 1278 4410 eas
1305 4334 1411 4434 leges

273 4483 373 4558 quae
396 4457 433 4531 in
452 4457 652 4534 enuntiatis
670 4457 922 4558 hypotheticis
936 4458 1065 4535 valent
1076 4460 1102 4557 1)
1118 4475 1317 4558 usurpatus
1332 4473 1409 4534 est:

313 4625 340 4694 ι)
360 4625 393 4678 cI.
412 4641 491 4694 supra
508 4641 536 4693 p.
556 4638 589 4678 aa
608 4641 650 4692 sq.

1315 4740 1333 4791 4
