3726 5656
815 583 862 656 39

326 772 441 847 Verbi
475 768 637 853 ἕπεσθαι
675 774 937 850 tantummodo
973 775 1228 873 praesenticae
1266 775 1410 852 formae

275 911 482 990 occurrunt,
511 897 548 970 in
576 897 710 995 quibus
741 923 760 972 2
791 899 914 996 impi:
942 897 979 972 V
1009 904 1071 991 6ο,
1104 923 1148 993 23
1176 898 1248 973 VII
1279 917 1341 995 57,
1374 916 1408 994 7.

275 1016 484 1116 Compositi
514 1021 762 1114 ξυνέπεσθαι
799 1020 902 1119 impi.
939 1035 1042 1097 certo
1080 1045 1105 1115 4
1142 1021 1315 1096 occurrit:
1357 1020 1410 1094 VI

277 1162 338 1234 30,
382 1164 422 1234 13
462 1146 587 1236 61,6;
622 1148 684 1236 64,
719 1168 757 1238 1;
787 1143 858 1217 VII
890 1164 952 1239 57,
984 1163 1017 1239 7.
1050 1143 1223 1218 Aoristus
1251 1157 1354 1219 certo
1387 1166 1406 1215 2

275 1262 451 1338 occurrit:
492 1264 507 1336 l
547 1269 610 1358 60,
651 1289 669 1338 2
700 1259 787 1344 κατά
815 1272 924 1369 φιλίαν
950 1298 983 1344 τε
1010 1261 1110 1345 αθτοθ
1138 1262 1202 1372 οθχ
1231 1263 1351 1353 ἥκιστα
1381 1268 1411 1344 οἱ

274 1389 413 1463 πλεῖστοι
457 1387 493 1464 ἐκ
539 1392 694 1492 Κορίνθου
731 1403 921 1494 στρατιῶται
956 1391 1116 1468 ἐθελονταί
1154 1395 1175 1483 ξ
1181 1389 1256 1468 υνί
1259 1419 1410 1467 σποντο

275 1504 297 1579 i.
314 1530 347 1580 e.
379 1509 626 1606 „expeditioni
649 1537 690 1604 pe
713 1511 1017 1611 adjunxerant”
1033 1511 1241 1610 (respicitur
1257 1511 1295 1586 id
1309 1509 1412 1610 quod

275 1623 411 1725 legitur
438 1633 461 1728 ξ
494 1657 507 1705 1
541 1637 571 1712 οἱ
598 1639 755 1739 Κορίνθιοι
786 1635 963 1738 πέμπουσιν
991 1641 1113 1715 ἑαυτῶν
1134 1630 1300 1728 ἐθελοντάς
1322 1635 1412 1733 κτλ.)

276 1749 403 1849 itaque
439 1779 518 1830 aor.
554 1753 732 1854 plqpiecti
761 1757 882 1831 Latini
909 1758 986 1832 vim
1014 1758 1141 1852 habet,
1170 1758 1264 1832 sicut
1293 1754 1412 1833 altero

276 1899 430 1974 quoque
450 1874 534 1952 loco
559 1878 612 1952 111
638 1904 700 1974 94,
733 1905 746 1953 1
774 1877 880 1960 ἔπειτα
901 1877 1028 1987 ὕστερον
1053 1884 1101 1960 ἐπὶ
1114 1877 1276 1962 Λευκάδα
1289 1887 1412 1985 μείζονι

276 1998 379 2104 στόλῳ
402 1991 503 2086 ἦλθον
517 1997 697 2106 ’λκαρνοίσί
714 2036 747 2083 τε
770 2015 880 2094 πᾶσιν,
903 2008 935 2084 οἳ
952 2006 1117 2109 πανδημεὶ
1141 2003 1228 2092 πλὴν
1250 2005 1413 2082 Οἰνιαδῶν

276 2119 528 2215 ξυνίσποντο
556 2133 628 2204 κτλ.
658 2151 735 2202 aor.
765 2128 969 2202 vertendus
993 2144 1061 2202 est.
1088 2127 1130 2200 ln
1159 2124 1331 2200 locoVII
1349 2144 1411 2220 57,

277 2270 302 2338 4
325 2246 472 2321 variant
495 2247 662 2324 codices:
694 2250 803 2326 codd.
836 2250 1094 2326 ABCEFGM
1109 2249 1287 2324 exhibent
1300 2247 1413 2324 aoris-

277 2381 357 2442 tum
372 2371 584 2476 ξυνέσποντο,
598 2388 674 2448 tres
689 2373 798 2449 codd.
815 2375 1019 2449 deteriores
1033 2372 1291 2472 imperfectum
1307 2377 1414 2466 ξυνεί-
1501 2365 1503 2370 ’

276 2522 384 2570 ποντα.
415 2494 512 2568 Cum
543 2495 671 2572 Hudio
700 2496 827 2572 malim
854 2495 982 2596 legere
1009 2495 1281 2595 imperfectum,
1311 2492 1413 2593 quod

277 2613 376 2690 bene
411 2620 586 2694 convenit
614 2646 700 2694 cum
714 2619 932 2718 imperfecto
951 2614 1210 2705 ἠκολούθουν
1234 2616 1353 2716 (ibid.)
1376 2631 1415 2690 et

277 2739 503 2838 imperfectis
538 2750 781 2838 ξυνείποντο
819 2759 858 2818 et
893 2754 1056 2823 εἵποντο
1084 2742 1148 2840 (ib.
1177 2743 1201 2838 ἐ
1232 2741 1281 2841 7).
1312 2738 1414 2814 Clas·

277 2886 389 2937 senus
420 2866 584 2964 praefert
614 2868 804 2959 a'oristum‚
843 2865 904 2965 qui
942 2879 1126 2963 congruat
1161 2889 1246 2938 cum
1273 2863 1413 2938 aoristo

277 2985 635 3095 ξυνεστράτευσαν
658 2983 1415 3088 (52);sedsecundumeaquaeipseille

278 3113 474 3186 annotavit
497 3112 546 3188 ad
569 3116 593 3211 g
620 3139 654 3206 2,
674 3127 803 3188 nostro
818 3111 901 3187 loco
916 3113 1041 3211 potius
1055 3109 1314 3209 imperfectum
1327 3115 1415 3204 ξυνε·

278 3232 460 3341 στράτενον,
489 3236 592 3334 quod
612 3233 749 3335 legitur
770 3237 794 3332 ξ
819 3260 855 3331 3,
879 3231 1053 3332 exemplo
1077 3258 1161 3308 esse
1177 3231 1309 3327 debet3
1326 3257 1414 3306 narn

277 3356 373 3431 sicut
407 3355 478 3432 illic
515 3373 643 3433 nostro
682 3383 834 3459 quoque
866 3357 950 3432 loco
988 3356 1144 3456 subjecti
1179 3354 1416 3455 appositione

278 3481 495 3577 exprimitur
534 3482 626 3571 „das
666 3481 898 3557 bestehende
940 3476 1178 3555 Verhfiltnis”
1221 3477 1284 3576 (cf.
1326 3503 1413 3553 ann.

280 3600 337 3678 Cl.
367 3605 416 3679 ad
444 3607 468 3702 g
500 3629 518 3678 2
549 3621 587 3680 et
614 3608 638 3703 ξ
666 3606 718 3703 4).

334 3727 449 3804 Porro
490 3729 562 3803 huc
603 3729 788 3827 pertinent
830 3752 876 3803 ea
916 3726 1032 3802 verba
1070 3751 1169 3825 quae
1206 3723 1417 3824 significant

285 3850 513 3949 „pararc”‚
542 3850 831 3950 „apparare”‚
854 3876 1012 3950 quorum
1034 3850 1161 3925 formis
1176 3848 1418 3948 praesenticis

281 3974 379 4048 actio
412 3974 569 4072 parandi
598 3975 815 4050 continuata
845 3973 1081 4074 exprimitur:
1110 3968 1418 4080 παρασκευάζε-

281 4101 388 4191 σθαι,
416 4093 652 4202 ἑξαρτάειν,
683 4093 941 4203 ἑτοιμάζειν.

335 4220 451 4294 Verbi
477 4218 871 4326 παρασκευάζεσθαι
893 4219 994 4318 impf.
1024 4239 1069 4315 72
1094 4218 1261 4308 occurrit,
1287 4232 1418 4292 contra

282 4344 355 4419 ind.
385 4369 463 4419 aor.
493 4357 638 4418 tantum
654 4383 662 4400 ·
669 4368 702 4439 3,
733 4343 846 4443 idque
874 4340 1056 4418 hislocis:
1086 4341 1140 4417 IV
1170 4348 1227 4433 16,
1246 4365 1265 4414 2
1282 4343 1416 4432 ἐνίκησα

282 4466 318 4547 θὲ
353 4469 410 4546 καί
443 4463 589 4573 θεθτερος
625 4469 681 4546 καί
710 4467 857 4573 τέταρτος
890 4467 1046 4571 ἐγενόμην
1081 4468 1139 4546 καὶ
1173 4456 1284 4547 τᾶλλα
1317 4464 1419 4560 άξίως

282 4605 340 4685 τῆς
380 4597 472 4684 νίκης
512 4586 913 4696 παρεσκευασάμην,
958 4616 1034 4688 quo
1075 4587 1160 4666 loco
1202 4586 1419 4663 Alcibiades
