3726 5656
1043 595 1068 645 X

553 785 568 848 s
598 791 647 838 12.
674 774 726 838 De
751 774 877 838 aoristo
902 771 1104 836 constativo.

553 905 568 968 s
597 913 645 976 13.
672 894 725 958 De
750 893 876 958 aoristo
899 891 1125 975 complexivo

552 1024 567 1087 s
596 1032 645 1094 14.
670 1014 723 1078 De
753 1013 879 1078 aoristo
910 1032 979 1096 quo
1002 1011 1195 1076 indicantur
1219 1031 1272 1076 res
1296 1014 1399 1078 modo
1426 1013 1536 1078 sactae
1561 1013 1657 1096 („das

597 1153 636 1197 so
659 1134 747 1198 eben
772 1130 1059 1217 Eingetretene”).

553 1264 568 1327 s
598 1269 647 1336 15.
671 1254 724 1318 De
748 1254 874 1318 aoristo
898 1259 1149 1317 momentanee.

552 1384 568 1447 s
598 1373 646 1438 16.
671 1375 724 1438 De
748 1375 874 1438 aoristo
898 1393 967 1456 quo
991 1393 1044 1436 res
1067 1371 1260 1435 indicantur
1282 1392 1369 1455 quae
1390 1380 1546 1456 tempore
1563 1395 1657 1457 prae-

598 1496 685 1559 senti
709 1495 780 1560 sive
804 1495 916 1559 futuro
940 1494 1045 1557 modo
1069 1513 1142 1556 esse
1166 1491 1275 1556 factae
1300 1492 1479 1577 fingendae
1503 1504 1582 1559 sunt
1602 1496 1656 1579 (de

600 1615 727 1680 aoristo
750 1614 933 1699 gnomico).

556 1744 572 1807 s
601 1750 650 1818 17.
675 1735 728 1799 De
751 1735 878 1799 aoristo
902 1733 1076 1818 empirico.

559 2174 574 2237 s
604 2165 652 2228 18.
678 2163 731 2226 De
761 2160 887 2225 aoristo
916 2166 950 2222 et
973 2157 1173 2241 imperfecto
1197 2157 1520 2242 plusquamperfecti
1545 2161 1656 2226 Latini

622 2283 699 2348 loco
722 2281 894 2347 adhibitis.

558 2416 573 2478 s
603 2423 652 2488 19.
677 2404 730 2467 De
751 2401 953 2484 quibusdam
973 2399 1057 2463 locis
1076 2398 1199 2480 quibus
1219 2399 1657 2482 imperfectumetaoristus

603 2525 695 2586 vices
718 2521 898 2586 alternant.

514 2947 551 3011 C.
579 2948 631 3011 De
653 2944 849 3028 quibusdam
872 2941 982 3006 verbis
1004 2952 1036 3005 et
1057 2940 1233 3006 verborum
1254 2942 1432 3026 generibus
1455 2963 1546 3026 quae,
1576 2945 1663 3027 qnod

580 3067 700 3133 attinet
727 3065 777 3129 ad
790 3063 1078 3149 praesenticarnm
1101 3063 1170 3126 sive
1192 3062 1429 3127 aoristicarum
1452 3086 1566 3129 eornm
1580 3068 1658 3150 for·

581 3208 714 3252 morum
739 3206 843 3260 usum,
869 3185 1017 3268 longiore
1038 3184 1263 3265 disquisitione
1285 3184 1389 3268 digno
1412 3186 1578 3250 videntur.

558 3319 574 3381 s
599 3324 651 3371 20.
676 3306 729 3369 De
760 3304 873 3368 verbis
904 3301 1068 3378 ποιεῖσθαι,
1101 3299 1198 3382 ἔχειν,
1229 3298 1321 3379 ἄγειν
1347 3324 1425 3367 cum
1451 3307 1590 3369 nomine
1614 3306 1660 3370 ita

603 3425 794 3510 conjunctis
823 3432 861 3487 ut
893 3423 988 3486 verbi
1018 3422 1181 3506 simplicis
1215 3423 1418 3506 significatio
1450 3446 1494 3488 ex
1518 3445 1558 3490 ea
1582 3445 1659 3490 con·

601 3546 778 3631 junctione
803 3543 937 3606 evadat.

560 3678 575 3740 s
601 3683 653 3730 21.
678 3667 731 3729 De
756 3664 862 3728 verbo
885 3659 992 3739 λέγειν
1012 3670 1047 3726 et
1068 3661 1141 3726 aliis
1162 3662 1275 3726 verbis
1293 3662 1393 3726 simili
1413 3663 1659 3747 significatione

604 3784 777 3870 praeditis.

560 3918 576 3981 ς
602 3923 653 3970 22.
678 3906 732 3969 De
757 3904 869 3968 verbis
891 3903 1058 3975 τελευτᾶν,
1083 3899 1205 3982 ἄρχειν,
1231 3898 1398 3981 ἄρχεσθαι.

561 4040 576 4102 s
602 4044 654 4110 23.
680 4026 733 4089 De
756 4024 868 4088 verbis
893 4024 990 4103 veniet,
1014 4029 1150 4102 κρατεῖν,
1176 4018 1351 4099 ἡσσᾶσθαι,
1375 4019 1504 4087 ἀδικεῖν.

560 4159 653 4226 524.
678 4146 732 4209 De
764 4143 876 4207 verbis
911 4163 998 4226 quae
1031 4151 1161 4208 motum
1194 4142 1363 4206 indicant:
1394 4140 1483 4220 iinon,
1513 4139 1661 4223 πέμπειν,

605 4263 751 4346 Φεύγειν,
775 4285 804 4328 e.
818 4285 847 4328 a.
