<?xml version="1.0" encoding="UTF-8"?>
<!DOCTYPE html PUBLIC "-//W3C//DTD XHTML 1.0 Transitional//EN"
    "http://www.w3.org/TR/xhtml1/DTD/xhtml1-transitional.dtd">
<html xmlns="http://www.w3.org/1999/xhtml" xml:lang="en" lang="en">
 <head>
  <title>
</title>
<meta http-equiv="Content-Type" content="text/html;charset=utf-8" />
  <meta name='ocr-system' content='tesseract 3.04.00' />
  <meta name='ocr-capabilities' content='ocr_page ocr_carea ocr_par ocr_line ocrx_word'/>
</head>
<body>
  <div class='ocr_page' id='page_1' title='image "./deimperfectieta00hillgoog_0062.png"; bbox 0 0 3726 5656; ppageno 0'>
   <div class='ocr_carea' id='block_1_1' title="bbox 814 627 864 698">
    <p class='ocr_par' dir='ltr' id='par_1_1' title="bbox 814 627 864 698">
     <span class='ocr_line' id='line_1_1' title="bbox 814 627 864 698; baseline 0.02 -1"><span class='ocrx_word' id='word_1_1' title='bbox 814 627 864 698; x_wconf 87' lang='lat'>43</span> 
     </span>
    </p>
   </div>
   <div class='ocr_carea' id='block_1_2' title="bbox 267 813 1415 4362">
    <p class='ocr_par' dir='ltr' id='par_1_2' title="bbox 268 813 1405 1039">
     <span class='ocr_line' id='line_1_2' title="bbox 320 813 1405 917; baseline 0 -27"><span class='ocrx_word' id='word_1_2' title='bbox 320 816 437 891; x_wconf 86' lang='lat' dir='ltr'><strong>Verbi</strong></span> <span class='ocrx_word' id='word_1_3' title='bbox 463 815 620 912; x_wconf 83' lang='grc' dir='ltr'><em>α’ξιοῦν</em></span> <span class='ocrx_word' id='word_1_4' title='bbox 648 817 750 916; x_wconf 85' lang='lat' dir='ltr'><strong>imps.</strong></span> <span class='ocrx_word' id='word_1_5' title='bbox 779 820 906 916; x_wconf 84' lang='lat'><strong>26(25</strong></span> <span class='ocrx_word' id='word_1_6' title='bbox 933 833 1021 912; x_wconf 61' lang='lat' dir='ltr'>act,</span> <span class='ocrx_word' id='word_1_7' title='bbox 1051 843 1065 892; x_wconf 90' lang='lat'>1</span> <span class='ocrx_word' id='word_1_8' title='bbox 1094 819 1210 917; x_wconf 84' lang='lat' dir='ltr'>pass.)</span> <span class='ocrx_word' id='word_1_9' title='bbox 1236 813 1405 908; x_wconf 85' lang='lat' dir='ltr'>occurrit,</span> 
     </span>
     <span class='ocr_line' id='line_1_3' title="bbox 268 938 685 1039; baseline 0 -25"><span class='ocrx_word' id='word_1_10' title='bbox 268 939 341 1014; x_wconf 91' lang='lat' dir='ltr'><strong>ind.</strong></span> <span class='ocrx_word' id='word_1_11' title='bbox 372 964 452 1015; x_wconf 89' lang='lat' dir='ltr'>aor.</span> <span class='ocrx_word' id='word_1_12' title='bbox 482 966 506 1034; x_wconf 93' lang='lat'>9</span> <span class='ocrx_word' id='word_1_13' title='bbox 537 938 685 1039; x_wconf 75' lang='lat' dir='ltr'>legitur.</span> 
     </span>
    </p>

    <p class='ocr_par' dir='ltr' id='par_1_3' title="bbox 267 1051 1411 2633">
     <span class='ocr_line' id='line_1_4' title="bbox 322 1051 1407 1162; baseline 0 -27"><span class='ocrx_word' id='word_1_14' title='bbox 322 1051 503 1161; x_wconf 66' lang='lat' dir='ltr'>Imberf</span> <span class='ocrx_word' id='word_1_15' title='bbox 505 1078 655 1138; x_wconf 91' lang='lat' dir='ltr'><strong>ectum</strong></span> <span class='ocrx_word' id='word_1_16' title='bbox 706 1067 826 1162; x_wconf 75' lang='grc' dir='ltr'>(ἠξίου,</span> <span class='ocrx_word' id='word_1_17' title='bbox 877 1066 1003 1162; x_wconf 77' lang='grc' dir='ltr'>ἠξίουν)</span> <span class='ocrx_word' id='word_1_18' title='bbox 1044 1061 1267 1162; x_wconf 89' lang='lat' dir='ltr'>plerumque</span> <span class='ocrx_word' id='word_1_19' title='bbox 1307 1062 1407 1136; x_wconf 92' lang='lat' dir='ltr'>idem</span> 
     </span>
     <span class='ocr_line' id='line_1_5' title="bbox 267 1184 1407 1286; baseline -0.002 -26"><span class='ocrx_word' id='word_1_20' title='bbox 267 1184 371 1260; x_wconf 86' lang='lat' dir='ltr'>valet</span> <span class='ocrx_word' id='word_1_21' title='bbox 407 1186 510 1283; x_wconf 92' lang='lat' dir='ltr'>quod</span> <span class='ocrx_word' id='word_1_22' title='bbox 543 1188 669 1266; x_wconf 60' lang='grc' dir='ltr'>ἐκελευε</span> <span class='ocrx_word' id='word_1_23' title='bbox 708 1189 800 1285; x_wconf 51' lang='grc' dir='ltr'>(ἢν),</span> <span class='ocrx_word' id='word_1_24' title='bbox 839 1204 897 1263; x_wconf 87' lang='lat' dir='ltr'>est</span> <span class='ocrx_word' id='word_1_25' title='bbox 931 1188 1046 1286; x_wconf 76' lang='lat' dir='ltr'>igitur</span> <span class='ocrx_word' id='word_1_26' title='bbox 1080 1187 1183 1284; x_wconf 85' lang='lat' dir='ltr'><strong>imps.</strong></span> <span class='ocrx_word' id='word_1_27' title='bbox 1213 1199 1407 1284; x_wconf 87' lang='lat' dir='ltr'>exspecta-</span> 
     </span>
     <span class='ocr_line' id='line_1_6' title="bbox 268 1307 1407 1407; baseline 0.001 -27"><span class='ocrx_word' id='word_1_28' title='bbox 268 1307 386 1381; x_wconf 86' lang='lat' dir='ltr'><strong>tivum</strong></span> <span class='ocrx_word' id='word_1_29' title='bbox 401 1309 449 1404; x_wconf 81' lang='grc'>1);</span> <span class='ocrx_word' id='word_1_30' title='bbox 487 1309 539 1382; x_wconf 85' lang='lat' dir='ltr'>ita</span> <span class='ocrx_word' id='word_1_31' title='bbox 573 1310 677 1406; x_wconf 83' lang='lat' dir='ltr'><strong>impf.</strong></span> <span class='ocrx_word' id='word_1_32' title='bbox 715 1325 914 1407; x_wconf 87' lang='lat' dir='ltr'>usurpatur</span> <span class='ocrx_word' id='word_1_33' title='bbox 950 1309 1051 1384; x_wconf 91' lang='lat' dir='ltr'>hisce</span> <span class='ocrx_word' id='word_1_34' title='bbox 1078 1308 1192 1384; x_wconf 89' lang='lat' dir='ltr'><strong>locis:</strong></span> <span class='ocrx_word' id='word_1_35' title='bbox 1222 1311 1238 1383; x_wconf 92' lang='grc' dir='ltr'>Ι</span> <span class='ocrx_word' id='word_1_36' title='bbox 1267 1331 1330 1402; x_wconf 89' lang='lat'>90,</span> <span class='ocrx_word' id='word_1_37' title='bbox 1366 1333 1407 1400; x_wconf 82' lang='lat'>13</span> 
     </span>
     <span class='ocr_line' id='line_1_7' title="bbox 270 1431 1406 1526; baseline 0 -2"><span class='ocrx_word' id='word_1_38' title='bbox 270 1431 1406 1526; x_wconf 80' lang='lat' dir='ltr'>95,13135,2;Ill68,1394,2;IV3,2370,23</span> 
     </span>
     <span class='ocr_line' id='line_1_8' title="bbox 269 1553 1407 1650; baseline -0.001 -23"><span class='ocrx_word' id='word_1_39' title='bbox 269 1553 306 1627; x_wconf 97' lang='lat' dir='ltr'>V</span> <span class='ocrx_word' id='word_1_40' title='bbox 345 1575 407 1648; x_wconf 85' lang='lat'>35,</span> <span class='ocrx_word' id='word_1_41' title='bbox 446 1559 492 1648; x_wconf 79' lang='lat'>63</span> <span class='ocrx_word' id='word_1_42' title='bbox 521 1578 584 1647; x_wconf 90' lang='lat'>41,</span> <span class='ocrx_word' id='word_1_43' title='bbox 618 1579 636 1627; x_wconf 90' lang='lat'>2</span> <span class='ocrx_word' id='word_1_44' title='bbox 667 1570 706 1629; x_wconf 92' lang='lat' dir='ltr'>et</span> <span class='ocrx_word' id='word_1_45' title='bbox 735 1579 779 1650; x_wconf 82' lang='lat'>33</span> <span class='ocrx_word' id='word_1_46' title='bbox 811 1578 873 1650; x_wconf 88' lang='lat'>50,</span> <span class='ocrx_word' id='word_1_47' title='bbox 907 1580 948 1649; x_wconf 85' lang='lat'>13</span> <span class='ocrx_word' id='word_1_48' title='bbox 976 1554 1031 1629; x_wconf 93' lang='lat' dir='ltr'>VI</span> <span class='ocrx_word' id='word_1_49' title='bbox 1060 1559 1123 1649; x_wconf 81' lang='lat'>63,</span> <span class='ocrx_word' id='word_1_50' title='bbox 1156 1579 1198 1648; x_wconf 82' lang='lat'>23</span> <span class='ocrx_word' id='word_1_51' title='bbox 1228 1553 1314 1628; x_wconf 94' lang='lat' dir='ltr'>VIll</span> <span class='ocrx_word' id='word_1_52' title='bbox 1348 1558 1407 1643; x_wconf 85' lang='lat'>16,</span> 
     </span>
     <span class='ocr_line' id='line_1_9' title="bbox 276 1674 1408 1776; baseline 0.004 -26"><span class='ocrx_word' id='word_1_53' title='bbox 276 1701 317 1770; x_wconf 79' lang='lat'>13</span> <span class='ocrx_word' id='word_1_54' title='bbox 355 1700 419 1770; x_wconf 91' lang='lat'>40,</span> <span class='ocrx_word' id='word_1_55' title='bbox 469 1701 509 1770; x_wconf 89' lang='lat'>1;</span> <span class='ocrx_word' id='word_1_56' title='bbox 545 1683 606 1771; x_wconf 87' lang='lat'>56,</span> <span class='ocrx_word' id='word_1_57' title='bbox 644 1677 799 1776; x_wconf 85' lang='lat' dir='ltr'><strong>4(bis);</strong></span> <span class='ocrx_word' id='word_1_58' title='bbox 831 1699 892 1774; x_wconf 88' lang='lat'>73,</span> <span class='ocrx_word' id='word_1_59' title='bbox 922 1703 947 1772; x_wconf 89' lang='lat'>4</span> <span class='ocrx_word' id='word_1_60' title='bbox 975 1674 1049 1775; x_wconf 81' lang='grc' dir='ltr'>(οὐκ</span> <span class='ocrx_word' id='word_1_61' title='bbox 1077 1677 1408 1772; x_wconf 68' lang='grc' dir='ltr'>ἠξίουνεέκέλευον</span> 
     </span>
     <span class='ocr_line' id='line_1_10' title="bbox 268 1797 1408 1904; baseline 0 -32"><span class='ocrx_word' id='word_1_62' title='bbox 268 1800 345 1904; x_wconf 77' lang='grc' dir='ltr'>μή).</span> <span class='ocrx_word' id='word_1_63' title='bbox 404 1799 512 1898; x_wconf 82' lang='lat' dir='ltr'><strong>Impf.</strong></span> <span class='ocrx_word' id='word_1_64' title='bbox 574 1799 760 1898; x_wconf 86' lang='lat' dir='ltr'>significat</span> <span class='ocrx_word' id='word_1_65' title='bbox 822 1798 965 1894; x_wconf 87' lang='lat' dir='ltr'>,utile</span> <span class='ocrx_word' id='word_1_66' title='bbox 1014 1797 1265 1899; x_wconf 87' lang='lat' dir='ltr'>judicare&#39;&#39;</span> <span class='ocrx_word' id='word_1_67' title='bbox 1327 1798 1408 1872; x_wconf 90' lang='lat' dir='ltr'>sive</span> 
     </span>
     <span class='ocr_line' id='line_1_11' title="bbox 277 1920 1407 2019; baseline -0.002 -23"><span class='ocrx_word' id='word_1_68' title='bbox 277 1947 494 2019; x_wconf 82' lang='lat' dir='ltr'>„aequum</span> <span class='ocrx_word' id='word_1_69' title='bbox 530 1922 757 1997; x_wconf 87' lang='lat' dir='ltr'>censere’&#39;</span> <span class='ocrx_word' id='word_1_70' title='bbox 795 1923 898 1996; x_wconf 90' lang='lat' dir='ltr'>hisce</span> <span class='ocrx_word' id='word_1_71' title='bbox 924 1920 1035 1996; x_wconf 91' lang='lat' dir='ltr'>locis:</span> <span class='ocrx_word' id='word_1_72' title='bbox 1066 1922 1082 1994; x_wconf 87' lang='grc' dir='ltr'>Ι</span> <span class='ocrx_word' id='word_1_73' title='bbox 1114 1941 1175 2016; x_wconf 80' lang='grc'>54,</span> <span class='ocrx_word' id='word_1_74' title='bbox 1209 1946 1252 2014; x_wconf 81' lang='lat'>²3</span> <span class='ocrx_word' id='word_1_75' title='bbox 1282 1921 1314 1994; x_wconf 84' lang='grc' dir='ltr'>ΙΙ</span> <span class='ocrx_word' id='word_1_76' title='bbox 1346 1940 1407 2015; x_wconf 85' lang='lat'>53,</span> 
     </span>
     <span class='ocr_line' id='line_1_12' title="bbox 273 2043 1405 2144; baseline -0.002 -26"><span class='ocrx_word' id='word_1_77' title='bbox 273 2070 316 2138; x_wconf 87' lang='lat'>2;</span> <span class='ocrx_word' id='word_1_78' title='bbox 347 2044 402 2117; x_wconf 94' lang='lat' dir='ltr'>lV</span> <span class='ocrx_word' id='word_1_79' title='bbox 431 2050 494 2138; x_wconf 87' lang='lat'>66,</span> <span class='ocrx_word' id='word_1_80' title='bbox 526 2071 569 2139; x_wconf 80' lang='lat'>²3</span> <span class='ocrx_word' id='word_1_81' title='bbox 595 2045 837 2144; x_wconf 87' lang='lat' dir='ltr'>83,4;impf.</span> <span class='ocrx_word' id='word_1_82' title='bbox 855 2044 1058 2144; x_wconf 87' lang='lat' dir='ltr'>negatione</span> <span class='ocrx_word' id='word_1_83' title='bbox 1072 2045 1220 2143; x_wconf 84' lang='lat' dir='ltr'>adjecta</span> <span class='ocrx_word' id='word_1_84' title='bbox 1235 2043 1405 2134; x_wconf 86' lang='lat' dir='ltr'>IIl61,2</span> 
     </span>
     <span class='ocr_line' id='line_1_13' title="bbox 271 2165 1410 2269; baseline -0.003 -26"><span class='ocrx_word' id='word_1_85' title='bbox 271 2169 456 2267; x_wconf 86' lang='lat' dir='ltr'>significat</span> <span class='ocrx_word' id='word_1_86' title='bbox 498 2169 759 2268; x_wconf 88' lang='lat' dir='ltr'>,indignum</span> <span class='ocrx_word' id='word_1_87' title='bbox 787 2165 1047 2269; x_wconf 87' lang='lat' dir='ltr'>judicare&#39;&#39;,</span> <span class='ocrx_word' id='word_1_88' title='bbox 1089 2166 1281 2261; x_wconf 84' lang='lat' dir='ltr'>,nolle”.</span> <span class='ocrx_word' id='word_1_89' title='bbox 1313 2167 1410 2241; x_wconf 89' lang='lat' dir='ltr'>Cum</span> 
     </span>
     <span class='ocr_line' id='line_1_14' title="bbox 272 2289 1408 2390; baseline 0 -26"><span class='ocrx_word' id='word_1_90' title='bbox 272 2291 544 2390; x_wconf 85' lang='lat' dir='ltr'>significatione</span> <span class='ocrx_word' id='word_1_91' title='bbox 577 2289 1097 2388; x_wconf 84' lang='lat' dir='ltr'>,persuasumhabere”,</span> <span class='ocrx_word' id='word_1_92' title='bbox 1119 2289 1408 2385; x_wconf 82' lang='lat' dir='ltr'>„considere”</span> 
     </span>
     <span class='ocr_line' id='line_1_15' title="bbox 270 2413 1411 2519; baseline -0.001 -31"><span class='ocrx_word' id='word_1_93' title='bbox 270 2415 364 2512; x_wconf 84' lang='lat' dir='ltr'>(fere</span> <span class='ocrx_word' id='word_1_94' title='bbox 404 2416 541 2490; x_wconf 86' lang='lat' dir='ltr'>eodem</span> <span class='ocrx_word' id='word_1_95' title='bbox 582 2440 694 2489; x_wconf 91' lang='lat' dir='ltr'>sensu</span> <span class='ocrx_word' id='word_1_96' title='bbox 736 2441 813 2512; x_wconf 87' lang='lat' dir='ltr'>quo</span> <span class='ocrx_word' id='word_1_97' title='bbox 849 2417 1007 2519; x_wconf 76' lang='grc' dir='ltr'>νομιζειν)</span> <span class='ocrx_word' id='word_1_98' title='bbox 1044 2415 1146 2514; x_wconf 85' lang='lat' dir='ltr'><strong>imps.</strong></span> <span class='ocrx_word' id='word_1_99' title='bbox 1173 2414 1331 2489; x_wconf 87' lang='lat' dir='ltr'>occurrit</span> <span class='ocrx_word' id='word_1_100' title='bbox 1358 2413 1411 2488; x_wconf 95' lang='lat' dir='ltr'>IV</span> 
     </span>
     <span class='ocr_line' id='line_1_16' title="bbox 271 2538 823 2633; baseline 0 -21"><span class='ocrx_word' id='word_1_101' title='bbox 271 2561 335 2631; x_wconf 92' lang='lat'>40,</span> <span class='ocrx_word' id='word_1_102' title='bbox 370 2563 412 2632; x_wconf 79' lang='lat'>13</span> <span class='ocrx_word' id='word_1_103' title='bbox 442 2543 505 2633; x_wconf 89' lang='lat'>65,</span> <span class='ocrx_word' id='word_1_104' title='bbox 534 2563 580 2632; x_wconf 82' lang='lat'>43</span> <span class='ocrx_word' id='word_1_105' title='bbox 608 2538 663 2612; x_wconf 96' lang='lat' dir='ltr'>VI</span> <span class='ocrx_word' id='word_1_106' title='bbox 693 2540 755 2630; x_wconf 87' lang='lat'>86,</span> <span class='ocrx_word' id='word_1_107' title='bbox 789 2563 823 2612; x_wconf 89' lang='lat'>2.</span> 
     </span>
    </p>

    <p class='ocr_par' dir='ltr' id='par_1_4' title="bbox 271 2660 1405 2889">
     <span class='ocr_line' id='line_1_17' title="bbox 325 2660 1405 2760; baseline 0 -26"><span class='ocrx_word' id='word_1_108' title='bbox 325 2661 585 2758; x_wconf 70' lang='lat' dir='ltr'><strong>Imperfectum</strong></span> <span class='ocrx_word' id='word_1_109' title='bbox 634 2661 771 2760; x_wconf 87' lang='lat' dir='ltr'>passivi</span> <span class='ocrx_word' id='word_1_110' title='bbox 820 2660 936 2736; x_wconf 89' lang='lat' dir='ltr'>semel</span> <span class='ocrx_word' id='word_1_111' title='bbox 978 2661 1153 2735; x_wconf 87' lang='lat' dir='ltr'>occurrit:</span> <span class='ocrx_word' id='word_1_112' title='bbox 1200 2660 1237 2734; x_wconf 97' lang='lat' dir='ltr'>V</span> <span class='ocrx_word' id='word_1_113' title='bbox 1284 2665 1342 2753; x_wconf 89' lang='lat'>16,</span> <span class='ocrx_word' id='word_1_114' title='bbox 1391 2684 1405 2734; x_wconf 87' lang='lat'>1</span> 
     </span>
     <span class='ocr_line' id='line_1_18' title="bbox 271 2775 1305 2889; baseline -0.001 -26"><span class='ocrx_word' id='word_1_115' title='bbox 271 2785 451 2879; x_wconf 79' lang='grc' dir='ltr'><strong><em>ἠξιοῦτο</em></strong></span> <span class='ocrx_word' id='word_1_116' title='bbox 480 2784 582 2882; x_wconf 92' lang='lat' dir='ltr'>quod</span> <span class='ocrx_word' id='word_1_117' title='bbox 610 2784 710 2858; x_wconf 92' lang='lat' dir='ltr'>idem</span> <span class='ocrx_word' id='word_1_118' title='bbox 736 2782 840 2858; x_wconf 87' lang='lat' dir='ltr'>valet</span> <span class='ocrx_word' id='word_1_119' title='bbox 867 2783 971 2882; x_wconf 91' lang='lat' dir='ltr'>quod</span> <span class='ocrx_word' id='word_1_120' title='bbox 998 2787 1030 2863; x_wconf 84' lang='grc' dir='ltr'>ἐν</span> <span class='ocrx_word' id='word_1_121' title='bbox 1058 2783 1222 2889; x_wconf 80' lang='grc' dir='ltr'><strong><em>α’ξιῶματι</em></strong></span> <span class='ocrx_word' id='word_1_122' title='bbox 1250 2775 1305 2870; x_wconf 72' lang='grc' dir='ltr'>ἦν.</span> 
     </span>
    </p>

    <p class='ocr_par' dir='ltr' id='par_1_5' title="bbox 272 2902 1414 3746">
     <span class='ocr_line' id='line_1_19' title="bbox 325 2902 1409 3006; baseline 0.006 -25"><span class='ocrx_word' id='word_1_123' title='bbox 325 2908 422 2982; x_wconf 89' lang='lat' dir='ltr'><strong>Ind.</strong></span> <span class='ocrx_word' id='word_1_124' title='bbox 452 2909 629 2983; x_wconf 89' lang='lat' dir='ltr'>aoristi</span> <span class='ocrx_word' id='word_1_125' title='bbox 657 2933 843 3006; x_wconf 87' lang='lat' dir='ltr'>nusquam</span> <span class='ocrx_word' id='word_1_126' title='bbox 871 2909 1008 2983; x_wconf 88' lang='lat' dir='ltr'>eodem</span> <span class='ocrx_word' id='word_1_127' title='bbox 1036 2933 1147 2984; x_wconf 91' lang='lat' dir='ltr'>sensu</span> <span class='ocrx_word' id='word_1_128' title='bbox 1172 2934 1249 3006; x_wconf 93' lang='lat' dir='ltr'>quo</span> <span class='ocrx_word' id='word_1_129' title='bbox 1271 2902 1409 2987; x_wconf 74' lang='grc' dir='ltr'>κελεύειν</span> 
     </span>
     <span class='ocr_line' id='line_1_20' title="bbox 272 3030 1410 3130; baseline -0.003 -25"><span class='ocrx_word' id='word_1_130' title='bbox 272 3033 440 3122; x_wconf 90' lang='lat' dir='ltr'>occurrit,</span> <span class='ocrx_word' id='word_1_131' title='bbox 477 3033 545 3106; x_wconf 90' lang='lat' dir='ltr'>sed</span> <span class='ocrx_word' id='word_1_132' title='bbox 576 3031 762 3130; x_wconf 86' lang='lat' dir='ltr'>significat</span> <span class='ocrx_word' id='word_1_133' title='bbox 795 3057 1011 3129; x_wconf 83' lang='lat' dir='ltr'>,aequum</span> <span class='ocrx_word' id='word_1_134' title='bbox 1040 3031 1269 3107; x_wconf 87' lang='lat' dir='ltr'>censere&#39;&#39;</span> <span class='ocrx_word' id='word_1_135' title='bbox 1300 3030 1315 3103; x_wconf 92' lang='lat' dir='ltr'>I</span> <span class='ocrx_word' id='word_1_136' title='bbox 1349 3055 1410 3122; x_wconf 88' lang='lat'>22,</span> 
     </span>
     <span class='ocr_line' id='line_1_21' title="bbox 276 3153 1411 3250; baseline 0 -23"><span class='ocrx_word' id='word_1_137' title='bbox 276 3179 294 3227; x_wconf 90' lang='lat'>2</span> <span class='ocrx_word' id='word_1_138' title='bbox 338 3170 376 3229; x_wconf 87' lang='lat' dir='ltr'>et</span> <span class='ocrx_word' id='word_1_139' title='bbox 417 3155 567 3250; x_wconf 86' lang='lat'>111·55,</span> <span class='ocrx_word' id='word_1_140' title='bbox 612 3179 642 3246; x_wconf 88' lang='lat'>1,</span> <span class='ocrx_word' id='word_1_141' title='bbox 681 3155 732 3228; x_wconf 88' lang='lat' dir='ltr'>ita</span> <span class='ocrx_word' id='word_1_142' title='bbox 769 3170 897 3229; x_wconf 82' lang='lat' dir='ltr'><strong>tamen</strong></span> <span class='ocrx_word' id='word_1_143' title='bbox 935 3170 976 3228; x_wconf 92' lang='lat' dir='ltr'>ut</span> <span class='ocrx_word' id='word_1_144' title='bbox 1012 3156 1110 3230; x_wconf 88' lang='lat' dir='ltr'>actio</span> <span class='ocrx_word' id='word_1_145' title='bbox 1148 3153 1411 3229; x_wconf 87' lang='lat' dir='ltr'><strong>tantummodo</strong></span> 
     </span>
     <span class='ocr_line' id='line_1_22' title="bbox 272 3277 1414 3375; baseline 0.001 -25"><span class='ocrx_word' id='word_1_146' title='bbox 272 3293 564 3352; x_wconf 86' lang='lat' dir='ltr'><strong>memoretur</strong></span> <span class='ocrx_word' id='word_1_147' title='bbox 600 3279 692 3375; x_wconf 88' lang='lat' dir='ltr'>(aor.</span> <span class='ocrx_word' id='word_1_148' title='bbox 732 3281 931 3375; x_wconf 85' lang='lat' dir='ltr'><strong>constat.);</strong></span> <span class='ocrx_word' id='word_1_149' title='bbox 967 3279 1004 3352; x_wconf 93' lang='lat' dir='ltr'>in</span> <span class='ocrx_word' id='word_1_150' title='bbox 1041 3277 1131 3352; x_wconf 89' lang='lat' dir='ltr'><strong>locis</strong></span> <span class='ocrx_word' id='word_1_151' title='bbox 1170 3279 1185 3352; x_wconf 96' lang='lat' dir='ltr'>I</span> <span class='ocrx_word' id='word_1_152' title='bbox 1227 3299 1288 3374; x_wconf 86' lang='lat'>74,</span> <span class='ocrx_word' id='word_1_153' title='bbox 1325 3302 1343 3350; x_wconf 90' lang='lat'>2</span> <span class='ocrx_word' id='word_1_154' title='bbox 1374 3293 1414 3351; x_wconf 93' lang='lat' dir='ltr'>et</span> 
     </span>
     <span class='ocr_line' id='line_1_23' title="bbox 279 3400 1413 3499; baseline 0.001 -26"><span class='ocrx_word' id='word_1_155' title='bbox 279 3425 364 3496; x_wconf 88' lang='lat'>132,</span> <span class='ocrx_word' id='word_1_156' title='bbox 405 3423 423 3496; x_wconf 90' lang='lat'>5</span> <span class='ocrx_word' id='word_1_157' title='bbox 463 3401 537 3475; x_wconf 91' lang='lat' dir='ltr'>ind.</span> <span class='ocrx_word' id='word_1_158' title='bbox 577 3427 655 3475; x_wconf 84' lang='lat' dir='ltr'>aor.</span> <span class='ocrx_word' id='word_1_159' title='bbox 691 3417 749 3476; x_wconf 87' lang='lat' dir='ltr'>est</span> <span class='ocrx_word' id='word_1_160' title='bbox 777 3401 977 3494; x_wconf 84' lang='lat' dir='ltr'>adhibitus,</span> <span class='ocrx_word' id='word_1_161' title='bbox 1007 3403 1095 3499; x_wconf 88' lang='lat' dir='ltr'>quia</span> <span class='ocrx_word' id='word_1_162' title='bbox 1124 3401 1264 3476; x_wconf 87' lang='lat' dir='ltr'>mentio</span> <span class='ocrx_word' id='word_1_163' title='bbox 1293 3401 1342 3474; x_wconf 87' lang='lat' dir='ltr'>ibi</span> <span class='ocrx_word' id='word_1_164' title='bbox 1371 3400 1413 3474; x_wconf 86' lang='lat' dir='ltr'>fit</span> 
     </span>
     <span class='ocr_line' id='line_1_24' title="bbox 273 3521 1411 3624; baseline -0.003 -25"><span class='ocrx_word' id='word_1_165' title='bbox 273 3521 414 3599; x_wconf 89' lang='lat' dir='ltr'><strong>consilii</strong></span> <span class='ocrx_word' id='word_1_166' title='bbox 440 3540 544 3599; x_wconf 88' lang='lat' dir='ltr'>certo</span> <span class='ocrx_word' id='word_1_167' title='bbox 572 3525 751 3624; x_wconf 87' lang='lat' dir='ltr'><strong>temporis</strong></span> <span class='ocrx_word' id='word_1_168' title='bbox 780 3540 973 3598; x_wconf 87' lang='lat' dir='ltr'><strong>momento</strong></span> <span class='ocrx_word' id='word_1_169' title='bbox 1001 3525 1089 3599; x_wconf 89' lang='lat' dir='ltr'>initi.</span> <span class='ocrx_word' id='word_1_170' title='bbox 1117 3524 1159 3598; x_wconf 91' lang='lat' dir='ltr'>In</span> <span class='ocrx_word' id='word_1_171' title='bbox 1182 3523 1267 3598; x_wconf 90' lang='lat' dir='ltr'>loco</span> <span class='ocrx_word' id='word_1_172' title='bbox 1291 3522 1327 3595; x_wconf 95' lang='lat' dir='ltr'>V</span> <span class='ocrx_word' id='word_1_173' title='bbox 1347 3547 1411 3616; x_wconf 86' lang='lat'>41,</span> 
     </span>
     <span class='ocr_line' id='line_1_25' title="bbox 276 3646 1130 3746; baseline -0.002 -24"><span class='ocrx_word' id='word_1_174' title='bbox 276 3671 295 3722; x_wconf 87' lang='lat'>2</span> <span class='ocrx_word' id='word_1_175' title='bbox 326 3648 401 3721; x_wconf 92' lang='lat' dir='ltr'><strong>ind.</strong></span> <span class='ocrx_word' id='word_1_176' title='bbox 431 3671 509 3722; x_wconf 87' lang='lat' dir='ltr'><strong>aor.</strong></span> <span class='ocrx_word' id='word_1_177' title='bbox 537 3649 614 3721; x_wconf 87' lang='lat' dir='ltr'>vim</span> <span class='ocrx_word' id='word_1_178' title='bbox 642 3649 759 3722; x_wconf 88' lang='lat' dir='ltr'>habet</span> <span class='ocrx_word' id='word_1_179' title='bbox 787 3648 910 3722; x_wconf 87' lang='lat' dir='ltr'>Latini</span> <span class='ocrx_word' id='word_1_180' title='bbox 938 3646 1130 3746; x_wconf 89' lang='lat' dir='ltr'>plqpsecti.</span> 
     </span>
    </p>

    <p class='ocr_par' dir='ltr' id='par_1_6' title="bbox 273 3769 1415 4362">
     <span class='ocr_line' id='line_1_26' title="bbox 326 3769 1412 3870; baseline -0.001 -26"><span class='ocrx_word' id='word_1_181' title='bbox 326 3770 442 3844; x_wconf 90' lang='lat' dir='ltr'>Verbi</span> <span class='ocrx_word' id='word_1_182' title='bbox 483 3774 739 3851; x_wconf 76' lang='grc' dir='ltr'><em>διανοεῖσθαι</em></span> <span class='ocrx_word' id='word_1_183' title='bbox 767 3771 1024 3870; x_wconf 85' lang='lat' dir='ltr'>imperfectum</span> <span class='ocrx_word' id='word_1_184' title='bbox 1053 3773 1108 3868; x_wconf 91' lang='lat' dir='ltr'>(ut</span> <span class='ocrx_word' id='word_1_185' title='bbox 1136 3769 1232 3845; x_wconf 88' lang='lat' dir='ltr'>aliae</span> <span class='ocrx_word' id='word_1_186' title='bbox 1258 3795 1412 3867; x_wconf 89' lang='lat' dir='ltr'>quoque</span> 
     </span>
     <span class='ocr_line' id='line_1_27' title="bbox 273 3892 1415 3993; baseline -0.002 -26"><span class='ocrx_word' id='word_1_187' title='bbox 273 3895 418 3969; x_wconf 84' lang='lat' dir='ltr'>formae</span> <span class='ocrx_word' id='word_1_188' title='bbox 458 3896 730 3992; x_wconf 85' lang='lat' dir='ltr'>praesenticae)</span> <span class='ocrx_word' id='word_1_189' title='bbox 771 3920 955 3993; x_wconf 86' lang='lat' dir='ltr'>persaepe</span> <span class='ocrx_word' id='word_1_190' title='bbox 992 3893 1161 3982; x_wconf 86' lang='lat' dir='ltr'>occurrit,</span> <span class='ocrx_word' id='word_1_191' title='bbox 1200 3892 1415 3991; x_wconf 87' lang='lat' dir='ltr'>significans</span> 
     </span>
     <span class='ocr_line' id='line_1_28' title="bbox 279 4015 1414 4115; baseline -0.002 -25"><span class='ocrx_word' id='word_1_192' title='bbox 279 4021 462 4112; x_wconf 78' lang='lat' dir='ltr'>„mente</span> <span class='ocrx_word' id='word_1_193' title='bbox 499 4043 522 4091; x_wconf 91' lang='lat' dir='ltr'>a</span> <span class='ocrx_word' id='word_1_194' title='bbox 532 4017 742 4115; x_wconf 82' lang='lat' dir='ltr'>gitare&#39;’;</span> <span class='ocrx_word' id='word_1_195' title='bbox 780 4018 906 4092; x_wconf 82' lang='lat' dir='ltr'>aoristi</span> <span class='ocrx_word' id='word_1_196' title='bbox 944 4042 1019 4091; x_wconf 90' lang='lat' dir='ltr'>non</span> <span class='ocrx_word' id='word_1_197' title='bbox 1057 4015 1162 4090; x_wconf 91' lang='lat' dir='ltr'><strong>multi</strong></span> <span class='ocrx_word' id='word_1_198' title='bbox 1198 4017 1261 4114; x_wconf 88' lang='lat' dir='ltr'>qui</span> <span class='ocrx_word' id='word_1_199' title='bbox 1289 4041 1414 4091; x_wconf 85' lang='lat' dir='ltr'><strong>occur-</strong></span> 
     </span>
     <span class='ocr_line' id='line_1_29' title="bbox 273 4137 1414 4240; baseline -0.002 -27"><span class='ocrx_word' id='word_1_200' title='bbox 273 4139 395 4235; x_wconf 72' lang='lat' dir='ltr'>runt³)</span> <span class='ocrx_word' id='word_1_201' title='bbox 422 4140 500 4214; x_wconf 84' lang='lat' dir='ltr'>fere</span> <span class='ocrx_word' id='word_1_202' title='bbox 529 4164 662 4214; x_wconf 87' lang='lat' dir='ltr'>omnes</span> <span class='ocrx_word' id='word_1_203' title='bbox 685 4141 827 4215; x_wconf 89' lang='lat' dir='ltr'>habent</span> <span class='ocrx_word' id='word_1_204' title='bbox 849 4140 925 4214; x_wconf 92' lang='lat' dir='ltr'>vim</span> <span class='ocrx_word' id='word_1_205' title='bbox 950 4140 1214 4240; x_wconf 86' lang='lat' dir='ltr'>ingressivam:</span> <span class='ocrx_word' id='word_1_206' title='bbox 1246 4137 1414 4234; x_wconf 87' lang='lat' dir='ltr'>„consi-</span> 
     </span>
     <span class='ocr_line' id='line_1_30' title="bbox 274 4263 819 4362; baseline 0.004 -26"><span class='ocrx_word' id='word_1_207' title='bbox 274 4263 390 4336; x_wconf 91' lang='lat' dir='ltr'><strong>lium</strong></span> <span class='ocrx_word' id='word_1_208' title='bbox 418 4263 567 4337; x_wconf 84' lang='lat' dir='ltr'>inire&#39;’</span> <span class='ocrx_word' id='word_1_209' title='bbox 597 4263 819 4362; x_wconf 86' lang='lat' dir='ltr'>significant.</span> 
     </span>
    </p>
   </div>
   <div class='ocr_carea' id='block_1_3' title="bbox 293 4463 440 4475">
    <p class='ocr_par' dir='ltr' id='par_1_7' title="bbox 293 4463 440 4475">
     <span class='ocr_line' id='line_1_31' title="bbox 293 4463 440 4475; baseline -0.02 0"><span class='ocrx_word' id='word_1_210' title='bbox 293 4463 440 4475; x_wconf 71' lang='lat' dir='ltr'>-u—</span> 
     </span>
    </p>
   </div>
   <div class='ocr_carea' id='block_1_4' title="bbox 310 4569 977 4730">
    <p class='ocr_par' dir='ltr' id='par_1_8' title="bbox 310 4569 977 4730">
     <span class='ocr_line' id='line_1_32' title="bbox 314 4569 977 4640; baseline 0 -16"><span class='ocrx_word' id='word_1_211' title='bbox 314 4571 341 4640; x_wconf 76' lang='grc' dir='ltr'>ι)</span> <span class='ocrx_word' id='word_1_212' title='bbox 359 4572 391 4623; x_wconf 91' lang='lat' dir='ltr'>de</span> <span class='ocrx_word' id='word_1_213' title='bbox 410 4588 464 4638; x_wconf 91' lang='lat' dir='ltr'>quo</span> <span class='ocrx_word' id='word_1_214' title='bbox 482 4571 515 4622; x_wconf 82' lang='lat' dir='ltr'>cf.</span> <span class='ocrx_word' id='word_1_215' title='bbox 534 4587 613 4636; x_wconf 87' lang='lat' dir='ltr'><strong>supra</strong></span> <span class='ocrx_word' id='word_1_216' title='bbox 632 4587 658 4636; x_wconf 88' lang='lat' dir='ltr'>p.</span> <span class='ocrx_word' id='word_1_217' title='bbox 678 4569 712 4622; x_wconf 88' lang='lat'>28</span> <span class='ocrx_word' id='word_1_218' title='bbox 731 4587 769 4637; x_wconf 86' lang='lat' dir='ltr'>sq.</span> <span class='ocrx_word' id='word_1_219' title='bbox 791 4577 817 4622; x_wconf 83' lang='lat' dir='ltr'>et</span> <span class='ocrx_word' id='word_1_220' title='bbox 835 4571 903 4622; x_wconf 83' lang='lat' dir='ltr'>infra</span> <span class='ocrx_word' id='word_1_221' title='bbox 920 4570 934 4639; x_wconf 68' lang='grc'><strong>5</strong></span> <span class='ocrx_word' id='word_1_222' title='bbox 953 4571 977 4625; x_wconf 91' lang='grc'>6.</span> 
     </span>
     <span class='ocr_line' id='line_1_33' title="bbox 310 4657 844 4730; baseline -0.002 -17"><span class='ocrx_word' id='word_1_223' title='bbox 310 4659 340 4730; x_wconf 87' lang='lat'>2)</span> <span class='ocrx_word' id='word_1_224' title='bbox 359 4661 391 4712; x_wconf 89' lang='lat' dir='ltr'>de</span> <span class='ocrx_word' id='word_1_225' title='bbox 411 4660 507 4728; x_wconf 81' lang='lat' dir='ltr'>quibus</span> <span class='ocrx_word' id='word_1_226' title='bbox 525 4657 593 4710; x_wconf 77' lang='lat' dir='ltr'>infra</span> <span class='ocrx_word' id='word_1_227' title='bbox 611 4657 636 4728; x_wconf 66' lang='lat' dir='ltr'>(fi</span> <span class='ocrx_word' id='word_1_228' title='bbox 655 4657 699 4728; x_wconf 82' lang='grc' dir='ltr'>ιο)</span> <span class='ocrx_word' id='word_1_229' title='bbox 718 4659 844 4726; x_wconf 83' lang='lat' dir='ltr'><strong>pluribus.</strong></span> 
     </span>
    </p>
   </div>
   <div class='ocr_carea' id='block_1_5' title="bbox 0 0 1877 5656">
    <p class='ocr_par' dir='ltr' id='par_1_9' title="bbox 0 0 1877 5656">
     <span class='ocr_line' id='line_1_34' title="bbox 0 0 1877 5656; baseline 0 0"><span class='ocrx_word' id='word_1_230' title='bbox 0 0 1877 5656; x_wconf 95' lang='lat' dir='ltr'> </span> 
     </span>
    </p>
   </div>
  </div>
 </body>
</html>
