3770 5662
808 540 878 616 ¹07

267 739 340 812 κτλ.
380 732 441 808 Bis
469 734 726 831 imperfectum
754 733 986 810 offerendi
1013 735 1166 812 notione
1193 737 1404 836 praeditum

267 855 454 954 sequitur:
484 856 577 929 VIII
608 860 670 949 80,
702 881 721 930 2
751 857 990 938 ἐπεκαλεῖτό
1016 890 1049 937 τε
1075 855 1407 964 χᾶροώτοὺςὸΦομ·

268 979 416 1084 νοῖβαζος
456 985 513 1057 καὶ
553 979 671 1084 τροφὴν
712 985 877 1084 ἑτοῖμος
916 973 965 1067 ἦν
1006 979 1157 1087 παρέχειν
1201 981 1405 1076 ,invitabat

268 1127 335 1176 eos
362 1127 403 1176 se
425 1116 599 1200 paratum
627 1100 799 1176 dictitans
827 1102 948 1197 etc.'';
976 1101 1143 1178 similiter
1171 1129 1234 1197 99,
1270 1129 1282 1177 1
1317 1117 1406 1208 Φαρ-

268 1221 416 1329 νάβαζός
448 1256 480 1301 τε
519 1227 759 1303 ἐπεκαλεῖτο
796 1221 914 1318 αὐτοὺς
949 1227 1007 1305 καὶ
1041 1217 1089 1312 ἦν
1116 1224 1325 1332 πρόθυμος
1352 1267 1404 1281 -

267 1341 326 1439 τὰς
363 1342 478 1440 λοιπὰς
509 1342 553 1424 ἔτι
589 1345 695 1439 πόλεις
732 1345 915 1433 ἀποστῆσαι
949 1362 1012 1426 τῶν
1050 1345 1240 1439 Ἀθηναίων.
1278 1346 1405 1422 Semel

267 1468 526 1566 imperfectum
563 1467 681 1542 altero
716 1469 936 1566 imperfecto
972 1493 1048 1544 non
1085 1470 1213 1545 addito
1246 1468 1403 1567 legitur:

270 1590 306 1663 V
344 1611 405 1684 54,
443 1616 468 1685 4
505 1587 704 1696 'Entdoeiptor
738 1595 775 1670 di
800 1589 875 1685 τοὺς
903 1590 1106 1698 ξυμμάχους
1132 1595 1405 1673 ἐπεκαλοῦντο

268 1712 290 1788 i.
307 1738 338 1788 e.
374 1713 431 1803 „in
460 1712 635 1788 auxilium
662 1714 890 1790 vocabant’'.

321 1835 468 1910 Eodem
516 1837 631 1911 modo
673 1862 750 1934 quo
790 1852 983 1935 postremo
1023 1836 1108 1912 loco
1148 1837 1405 1936 imperfectum

268 1957 475 2032 adhibitum
523 1958 706 2052 videmuS,
748 1961 907 2034 aoristus
948 1975 1147 2057 usurpatur
1188 1961 1204 2033 1
1251 1984 1336 2053 102,
1386 1984 1399 2033 1

267 2081 526 2187 Λακεδαιμόνιοι
554 2081 591 2160 δὲ
605 2123 657 2137 -
672 2077 795 2175 ἄλλους
814 2115 846 2161 τε
869 2081 1174 2162 ἐπεκαλέσαντο
1203 2080 1406 2188 ξυμμάχους

267 2207 324 2283 καὶ
351 2200 558 2298 Ἀθηναίους·
587 2209 618 2284 οἱ
643 2201 677 2283 δ’
703 2196 802 2291 ἦλθον
817 2247 881 2298 -,
897 2204 960 2278 ubi
987 2203 1145 2279 aoriatus
1172 2205 1405 2280 constativus

267 2327 465 2402 adhibetur
504 2329 555 2402 ad
595 2326 881 2403 accelerandum
923 2326 1144 2402 narrationis
1180 2343 1350 2402 tenorem
1364 2328 1404 2425 1).

269 2450 385 2545 Quod
424 2450 550 2524 statim
592 2465 678 2549 post
718 2475 765 2525 ea
808 2475 908 2548 quae
945 2433 1060 2525 modo
1097 2448 1248 2524 laudavi
1284 2450 1404 2524 verba

267 2573 403 2648 eadem
436 2598 497 2648 res
530 2573 709 2672 repetitur
741 2573 882 2648 aoristo
918 2573 956 2671 (ἓ
996 2597 1015 2646 2
1054 2569 1203 2678 μαλιστα
1229 2567 1261 2652 δ’
1287 2568 1407 2665 αὖτοὺς

268 2697 567 2775 ἐπεκαλέσαντο
609 2695 655 2774 ὅτε
697 2706 910 2802 τειχομαχεῖν
954 2696 1089 2776 ἐδόκουν
1125 2697 1262 2776 δυνατοὶ
1296 2693 1405 2794 εἶναι),

269 2817 356 2894 nihil
393 2819 603 2894 mirandum
640 2834 719 2913 est,
755 2816 853 2893 solet
889 2819 989 2894 enim
1026 2819 1209 2921 ejusmodi
1236 2817 1328 2894 locis
1356 2819 1407 2893 ad

268 2942 392 3038 priora
427 2940 554 3016 referri
582 2941 722 3016 aoristo
750 2943 911 3041 (const).
942 2942 1036 3017 Item
1064 2943 1269 3017 secundum
1297 2966 1405 3016 usum

267 3062 463 3161 vulgatum
510 3089 590 3140 aor.
633 3079 752 3139 const.
795 3081 993 3163 usurpatur
1034 3065 1089 3138 111
1133 3070 1194 3160 65,Ι
1241 3088 1261 3137 2
1303 3068 1331 3144 εἰ
1370 3061 1407 3141 δὲ

268 3181 384 3292 ἄνδρες
424 3187 516 3292 ὑμῶν
550 3191 580 3266 οἱ
619 3202 734 3292 πρῶτον
762 3229 814 3243 -
841 3183 1256 3292 t’rtaaalc'oavra(sc.
1298 3185 1405 3289 ἡμᾶς)

268 3309 404 3403 ἑκόντες,
441 3315 475 3388 τί
507 3308 708 3416 ἅδεκοῦμενς
736 3309 808 3385 ie.
838 3310 875 3384 in
904 3335 951 3385 eo
980 3310 1084 3408 quod
1111 3309 1295 3408 primores
1321 3306 1406 3382 civi·

268 3433 355 3507 tatis
382 3448 531 3508 vestrae
560 3457 630 3507 nos
656 3433 902 3523 advocarunt,
933 3431 1024 3531 quid
1051 3457 1121 3507 nos
1150 3429 1407 3530 peccavimus?

275 3597 471 3613 *—

306 3693 334 3761 1)
351 3692 431 3757 Quod
448 3691 482 3743 ad
499 3704 575 3743 usum
592 3691 682 3742 aoristi
700 3689 841 3742 consatiri
859 3689 963 3756 attinet,
980 3689 1106 3741 notabilis
1125 3695 1165 3740 est
1182 3694 1252 3740 totns
1271 3687 1317 3738 ille
1334 3688 1408 3738 locus

267 3781 329 3832 libri
352 3781 430 3848 primi
454 3778 479 3847 (1
504 3776 637 3845 89-118‚
661 3776 690 3846 a)
715 3793 769 3844 quo
793 3793 834 3828 res
857 3782 1010 3828 enarrantur
1034 3792 1102 3844 quae
1126 3783 1215 3842 gestae
1232 3782 1295 3827 sunt
1311 3774 1408 3826 iudea

269 3867 370 3934 proelio
396 3865 541 3932 Mycalensi
566 3880 649 3930 usque
675 3863 709 3915 ad
735 3863 838 3914 initium
861 3864 926 3914 belli
945 3863 1171 3931 Peloponnesiaci,
1192 3862 1264 3930 quod
1282 3862 1408 3928 temporis

269 3955 382 4021 spatium
412 3959 520 4004 vocatur
547 3951 767 4018 pentecontadtia.
794 3950 963 4016 'Inncydides
989 3951 1038 4001 hac
1065 3951 1227 4016 digressione
1253 3949 1409 4000 narratIonls

269 4057 372 4092 cursum
390 4039 565 4105 interrumpit,
580 4045 609 4088 ut
625 4054 668 4088 eas
684 4054 724 4088 res
740 4044 841 4102 repetat
851 4038 947 4103 quibus
957 4038 1122 4103 potentiarei
1132 4038 1253 4104 publicae
1263 4037 1407 4087 Athenien·

270 4129 305 4178 sis
331 4128 454 4193 paulatim
479 4134 554 4176 aucta
578 4133 625 4191 est,
652 4141 705 4191 quo
729 4126 811 4190 magis
836 4125 986 4190 intelligant
1011 4125 1121 4175 lectores
1143 4125 1198 4175 fieri
1217 4140 1271 4174 non
1291 4125 1408 4189 potuisse

269 4216 334 4281 quin
354 4214 451 4265 bellum
461 4213 641 4279 gravissimum
651 4212 810 4282 aemulorum
820 4212 1003 4262 exardesceret.
1015 4212 1111 4261 Mirum
1120 4226 1175 4261 non
1185 4212 1261 4261 estin
1271 4227 1302 4261 ea
1312 4211 1409 4276 digres-

269 4303 353 4369 sione,
380 4301 480 4367 quippe
506 4316 558 4365 qna
586 4315 639 4350 non
659 4300 765 4366 directe,
783 4307 811 4350 nt
830 4300 867 4350 ita
886 4299 979 4364 dicam,
997 4315 1037 4350 res
1055 4305 1215 4365 enarrentur,
1233 4298 1279 4348 sed
1297 4304 1408 4348 tantum·

270 4390 349 4440 modo
368 4403 537 4455 rerumquae
556 4394 649 4454 postea
668 4393 730 4437 sunt
749 4393 838 4453 gestae
857 4386 1070 4436 illustrandamm
1088 4403 1165 4436 cansa
1183 4392 1345 4452 repetantur,
1363 4401 1407 4435 eas

270 4491 376 4543 quoque
394 4475 511 4525 actiones
530 4490 597 4540 quac
613 4473 694 4539 vulgo
709 4473 871 4539 imperfectis
880 4473 1021 4539 significari
1031 4473 1134 4524 soleant
1145 4473 1296 4538 punctative
1305 4472 1408 4524 aorIslis

265 4561 419 4618 constativis
437 4561 551 4616 nuntiari
569 4561 615 4632 (de
633 4577 686 4631 qua
704 4577 731 4611 re
750 4559 849 4630 infra5
871 4573 902 4611 12
922 4560 1061 4631 pluribus).
