3770 5662
1011 587 1059 663 72

458 777 676 874 imperfecta
703 779 930 877 descriptiva
957 794 1043 852 sunt
1071 776 1179 852 simul
1200 776 1416 853 incohativa
1430 779 1477 874 1):
1501 777 1600 853 acies

458 899 585 974 instrui
609 917 745 999 coepta
773 917 830 976 est
858 904 911 1000 (et
938 900 974 973 in
996 900 1212 974 instruendo
1235 900 1349 975 duces
1372 898 1601 997 aliquamdiu

457 1023 729 1122 versabantur).

512 1145 736 1220 Indicativus
772 1171 851 1219 aor.
890 1145 995 1220 verbi
1032 1140 1250 1249 παρατοίσσειν
1287 1144 1388 1219 hisce
1419 1142 1510 1218 locis
1539 1170 1598 1218 oc-

458 1267 578 1355 currit,
620 1267 759 1365 ubique
800 1294 884 1341 cum
919 1266 1190 1366 significatione
1228 1292 1330 1342 mere
1365 1267 1601 1342 constativa:

458 1389 530 1462 VII
574 1414 608 1484 3,
652 1414 676 1483 4
713 1406 751 1464 et
790 1395 851 1482 69,
892 1414 913 1485 3
954 1392 1075 1488 (act),
1114 1388 1150 1461 V
1189 1396 1251 1484 65,
1297 1415 1310 1463 1
1356 1391 1496 1488 (med).
1535 1389 1603 1463 Vis

457 1509 584 1584 aoristi
621 1512 832 1587 constativa
869 1509 970 1587 clare
1007 1510 1129 1586 elucet
1165 1510 1202 1585 in
1239 1510 1324 1586 loco
1353 1511 1424 1592 VII
1456 1537 1490 1607 3,
1525 1537 1538 1584 1
1573 1515 1603 1590 οἱ

457 1628 619 1723 Ἀθηναῖοι
653 1638 819 1738 αἰφνιδίως
852 1643 908 1712 τοῦ
945 1667 977 1712 τε
1015 1641 1180 1714 Γυλίππου
1218 1641 1275 1713 καὶ
1303 1649 1366 1713 τῶν
1394 1641 1599 1742 Συρακοσίων

457 1760 561 1858 σφίσιν
583 1755 732 1834 ἐπιόντων
756 1757 1000 1862 ἐθορυβήθησαν
1020 1755 1080 1861 μὲν
1098 1756 1134 1834 τό
1156 1771 1291 1863 πρῶτον,
1312 1754 1602 1863 παρετάξαντο

457 1875 513 1955 δὲε
544 1903 775 1976 quamquam
797 1879 1001 1976 perturbati
1026 1894 1123 1971 sunt,
1152 1893 1280 1953 tamen
1304 1878 1404 1954 acies
1424 1879 1601 1954 instructa

458 2012 535 2093 est3
570 2000 710 2075 factum
748 2017 987 2093 memoratur,
1025 1989 1216 2076 instructio
1258 2027 1344 2076 non·
1371 2000 1599 2076 describitur.

511 2121 627 2196 Verbi
641 2120 972 2230 ἀντιπαρατάσσεσθαι
983 2124 1057 2199 ind.
1068 2149 1146 2198 aor.
1158 2122 1293 2220 legitur
1303 2138 1449 2198 tantum
1461 2125 1476 2197 I
1489 2129 1511 2196 6
1517 2147 1550 2217 3,
1566 2148 1598 2198 2.

511 2245 787 2344 Descriptivum
821 2245 1079 2344 imperfectum
1112 2246 1161 2321 ibi
1195 2271 1347 2344 quoque
1375 2244 1511 2345 legitur
1538 2245 1600 2320 ubi

456 2365 528 2442 loci
552 2368 643 2442 situs
667 2369 895 2460 describitur,
921 2393 996 2466 qua
1020 2369 1269 2467 descriptione
1292 2394 1338 2442 ea
1354 2394 1452 2466 quae
1466 2393 1601 2464 gerun-

457 2487 745 2564 turlectoribus
773 2487 944 2585 planiora
965 2490 1075 2565 liant.
1112 2491 1200 2585 Quo
1228 2489 1416 2588 pertinent
1444 2490 1481 2564 hi
1509 2489 1600 2564 loci:

460 2613 512 2685 III
553 2631 637 2705 107,
670 2635 690 2706 3
721 2608 880 2718 χαροῖδρα
908 2608 940 2690 δ’
969 2609 1086 2706 αὐτοὺς
1113 2609 1243 2718 μεγοίλη
1273 2615 1450 2717 διεῖργεν
1480 2614 1600 2711 (sepa-

458 2735 600 2832 rabat),
638 2734 674 2807 V
715 2741 777 2827 64,
813 2758 839 2828 4
877 2730 966 2813 α’λλδι
1003 2744 1069 2828 τοῖς
1105 2734 1165 2838 μὲν
1195 2779 1247 2790 -
1275 2731 1312 2813 οὐ
1340 2731 1454 2840 ρ’ᾴδιον
1479 2726 1520 2830 ἦν
1549 2777 1601 2790 -

458 2860 592 2936 διελθεῖν
615 2855 674 2944 τὴν
693 2862 872 2961 πολεμίαν·
899 2857 1100 2967 ξονέκλῃε
1125 2853 1191 2964 γδιρ
1212 2853 1270 2937 διδι
1290 2855 1390 2960 μέσον
1414 2854 1483 2931 i.e.
1506 2857 1602 2931 haec

458 2979 557 3054 enim
586 2979 691 3077 regio
716 2979 841 3054 media
869 2977 938 3054 illis
963 2977 1138 3078 opposita
1168 2995 1267 3074 erat,
1307 2979 1358 3052 VI
1398 2986 1461 3072 66,
1506 3005 1519 3052 1
1558 2995 1600 3087 τῇ

457 3104 519 3207 μὲν
554 3097 620 3207 γδιρ
654 3110 761 3208 τειχία
796 3134 828 3180 τε
862 3109 919 3182 καὶ
959 3107 1057 3181 οἰκίαι
1103 3101 1241 3208 εἶργον
1283 3108 1340 3180 καὶ
1380 3101 1502 3209 δένδρα
1544 3109 1602 3180 καὶ

459 3230 572 3328 λίμνη,
614 3219 703 3330 παρὰ
744 3224 781 3302 δὲ
824 3225 860 3302 τδ
902 3230 1044 3330 κρημνοί
1082 3225 1227 3323 (itinere
1267 3222 1601 3322 intercludebant)3

458 3345 549 3420 VIII
586 3370 648 3440 90,
678 3370 704 3440 4
732 3342 780 3426 ἐπ’
809 3343 906 3426 αιἰτδν
933 3342 1000 3452 γδιρ
1026 3346 1081 3426 τδν
1110 3391 1163 3404 -
1190 3343 1311 3453 πύργον
1340 3343 1531 3426 ἐτελεύτα
1564 3348 1601 3425 τό

457 3501 489 3548 τε
526 3469 668 3549 παλαιδν
704 3469 740 3546 τδ
768 3470 845 3572 πρδς
873 3467 998 3573 ἤπειρον
1027 3474 1084 3548 καὶ
1112 3469 1148 3547 τὸ
1176 3470 1263 3562 ἐντδς
1289 3469 1325 3547 τδ
1353 3470 1466 3548 καινδν
1494 3479 1600 3574 τεῖχος

458 3591 523 3690 (ad
550 3591 672 3689 ipsam
701 3607 919 3667 -turrem
949 3592 1187 3690 pertinebat).

512 3715 646 3788 Restat
687 3729 726 3789 ut
765 3713 900 3814 loquar
940 3715 988 3789 de
1023 3713 1175 3813 aliquot
1216 3712 1307 3788 locis
1344 3714 1479 3812 quibus
1517 3713 1600 3811 quis

456 3837 577 3935 primo
619 3837 752 3911 obtutu
793 3838 971 3912 aoristum
1014 3837 1138 3935 potius
1180 3862 1295 3935 quam
1337 3836 1599 3933 imperfectum

408 4015 412 4021 -
458 3960 552 4059 (sive
591 3960 785 4057 praesens)
821 3960 1109 4058 exspectaverit,
1146 3959 1209 4033 ubi
1251 3958 1379 4032 formis
1415 3958 1601 4038 ονντελειαν

457 4083 747 4182 exprimentibus
774 4083 897 4183 magis
924 4081 1028 4157 locus
1056 4108 1140 4157 esse
1167 4081 1284 4156 videri
1311 4081 1440 4179 possit.
1471 4081 1601 4155 Omni-

457 4207 528 4280 bus
561 4221 687 4280 autem
724 4205 767 4280 iis
802 4205 893 4280 locis
931 4231 1027 4303 quos
1062 4203 1151 4280 volo
1184 4205 1256 4279 hoc
1294 4228 1493 4279 commune
1530 4219 1599 4294 est,

458 4328 561 4424 quod
597 4329 754 4426 scriptor
791 4352 866 4403 non
901 4328 1058 4402 actionis
1085 4328 1353 4426 perfectionem
1382 4326 1460 4400 sive
1488 4350 1600 4400 even-

497 4607 595 4676 1)vid.
615 4622 693 4672 supra
712 4593 738 4672 p.
758 4607 791 4658 26
810 4621 851 4672 sq.
