3770 5662
966 551 1037 648 118

588 764 612 860 ᾖ
641 764 675 837 8.
706 761 774 838 De
800 762 1079 860 imperfecto
1108 761 1408 862 attentiv0.1)

436 935 441 974 ’·
483 933 573 1007 Post
600 957 646 1007 ea
673 957 772 1030 quae
799 933 847 1005 de
874 931 947 1005 hoc
976 929 1182 1028 imperfecti
1212 957 1280 1006 usu
1310 929 1427 1006 fusius
1455 955 1569 1031 supra

428 1055 767 1129 demonstravimus
795 1069 911 1129 restat
938 1069 979 1128 ut
1007 1079 1127 1152 pauca
1150 1078 1249 1152 quae
1274 1056 1376 1153 apud
1400 1071 1568 1129 nostrum

426 1178 536 1276 hujus
577 1203 664 1252 usus
705 1175 877 1275 exempla
920 1176 1210 1274 deprehendisse
1250 1178 1358 1252 nobis
1397 1178 1569 1251 videmur

429 1299 487 1374 hic
513 1299 677 1375 breviter
704 1314 916 1374 tractemus

483 1423 665 1520 Imprimis
706 1423 778 1496 huc
819 1421 1006 1520 pertinent
1046 1420 1069 1496 ii
1110 1420 1181 1495 Ioci
1225 1421 1361 1519 quibus
1404 1422 1452 1496 de
1495 1447 1569 1495 una

430 1545 641 1642 eademque
667 1570 707 1620 re
734 1543 904 1644 ejusdem
930 1544 1035 1618 verbi
1064 1543 1323 1641 imperfectum
1348 1557 1387 1620 et
1411 1543 1570 1618 aoristus

429 1667 606 1765 deinceps
645 1683 885 1765 usurpantur:

485 1789 606 1882 1193,
635 1813 653 1862 2
677 1788 812 1887 legitur
839 1789 974 1870 ἐδόκει
1002 1787 1039 1870 δὲ
1053 1787 1204 1896 λαβόντα
1216 1804 1279 1868 τῶν
1294 1803 1421 1871 ναυτῶν
1433 1785 1569 1870 ἕκαστον

430 1907 490 2010 τὴν
510 1909 621 2002 κῶπην
642 1917 699 1990 καὶ
719 1911 755 1990 τὸ
776 1911 1010 2018 ὑπηρέσιον-
1024 1919 1160 1992 πλεῦσαι
1175 1907 1266 2005 εὐθὺς
1280 1914 1329 1991 ἐπὶ
1342 1911 1397 1991 τὸν
1412 1921 1569 2020 Πειραιοῖς

431 2048 510 2107 turn
539 2033 780 2132 paragrapho
808 2035 978 2132 sequenti
1002 2033 1209 2132 explicatur
1231 2034 1365 2132 quibus
1387 2034 1500 2108 rebus
1521 2033 1572 2107 in·

431 2157 531 2231 ducti
546 2173 739 2256 praetores
768 2156 1057 2232 Lacedaemonii
1085 2155 1158 2230 hoc
1187 2154 1380 2230 consilium
1404 2156 1569 2250 inierint3

432 2280 568 2355 deinde
582 2281 606 2376 ξ
620 2305 645 2374 4
659 2279 814 2378 legitur:
830 2279 924 2374 ὡςδὲ
948 2277 1047 2374 ἔδοξ
1055 2311 1092 2358 εν
1117 2275 1238 2373 αὐτοῖς,
1253 2286 1310 2358 καί
1324 2278 1466 2386 ἐχώρουν
1481 2275 1573 2372 εὐθὺς

432 2409 526 2481 κτλ.;
556 2418 635 2477 tam
663 2403 764 2500 impi.
794 2402 897 2482 ἐδόκει
925 2428 1039 2501 quam
1061 2428 1140 2476 aor.
1165 2399 1255 2496 ἔδοξε
1279 2401 1338 2476 hic
1361 2401 1573 2500 significant

432 2522 646 2622 simpliciter
683 2523 721 2597 id
749 2525 851 2622 quod
879 2541 936 2599 est
970 2523 1167 2622 „placuit’',
1197 2549 1296 2622 quae
1324 2524 1426 2598 notio
1454 2517 1571 2622 vulgo

434 2647 573 2720 aoristo
597 2646 812 2743 exprimitur
825 2647 873 2744 Β);
898 2647 965 2721 sed
990 2646 1210 2745 imperfecto
1229 2647 1266 2743 (ξ
1284 2647 1320 2744 2)
1335 2646 1481 2720 animus
1503 2644 1574 2720 lec-

434 2769 523 2844 toris
551 2769 756 2842 attenditur
782 2769 831 2843 ad
854 2769 976 2868 ipsum
1000 2767 1193 2844 consilium
1217 2785 1256 2843 et
1279 2794 1345 2844 eas
1368 2794 1502 2843 causas
1524 2769 1574 2843 ob

435 2917 529 2989 quas
556 2907 707 2989 captum
736 2907 804 2982 est,
833 2907 913 2966 tum
941 2895 964 2990 ἓ
993 2916 1017 2985 4
1045 2891 1158 2990 ipsius
1186 2890 1326 2966 consilii
1354 2892 1575 2966 memoratio

434 3012 640 3088 absolvitur
682 3014 822 3088 aoristo
863 3012 966 3110 ἔδοξε,
1009 3030 1049 3089 ut
1091 3014 1255 3088 narratio
1293 3015 1374 3114 jam
1415 3039 1575 3113 pergere

434 3137 553 3238 possit
580 3137 628 3211 de
656 3133 735 3211 aliis
763 3139 886 3212 rebus.
1511 3217 1514 3220 ,

489 3261 644 3334 Prorsus
680 3259 779 3334 idem
814 3257 916 3334 valet
951 3260 999 3335 de
1027 3258 1112 3334 loco
1139 3259 1228 3332 VIII
1263 3285 1294 3354 1,
1327 3281 1347 3356 3
1377 3287 1456 3358 sq.:
1486 3259 1575 3365 ὅμως

436 3381 472 3462 δὲ
499 3386 544 3476 ὡς
571 3384 696 3461 ἐκτῶν
724 3382 936 3490 ὑπαρχόντων
964 3381 1246 3462 ἐδόκει--.
1276 3389 1334 3462 καὶ
1362 3387 1406 3476 ὡς
1433 3379 1574 3478 ἔδοξεν

435 3500 556 3600 αὐτοῖς,
585 3510 642 3583 καὶ
670 3507 794 3585 ἐποίουν
821 3513 927 3583 ταῦτα
955 3511 1027 3584 κτλ.
1516 3583 1518 3588 ,

490 3627 553 3700 De
571 3624 656 3701 loco
678 3627 768 3700 VIII
793 3630 854 3723 85,
883 3653 896 3700 1
926 3627 1095 3707 οἷπέπλει
1119 3624 1200 3701 coll.
1224 3629 1287 3724 §4
1311 3626 1575 3736 ἀπέπλευσαν

431 3750 513 3848 jam
540 3772 652 3846 supra
680 3774 715 3845 p.
749 3772 799 3843 30
833 3749 948 3823 fusius
976 3749 1133 3848 egimus

492 3870 571 3943 VIII
608 3895 669 3962 90,
705 3897 719 3944 1
751 3873 895 3980 πρέσβεις
922 3904 953 3949 τε
982 3870 1237 3953 οἷπέοτελλον
1265 3877 1352 3963 κτλ.,
1381 3871 1485 3969 quod
1512 3871 1584 3946 im··

424 3993 645 4092 perfectum
668 4019 736 4092 per
756 4020 797 4069 se
818 3994 969 4092 quidem
988 3993 1284 4091 exspectativum
1308 3992 1379 4067 dici
1394 3992 1513 4090 possit
1525 3995 1574 4092 3);

437 4132 565 4192 tamen
594 4115 690 4190 hanc
719 4141 871 4214 quoque
900 4117 949 4191 ob
977 4142 1130 4192 causam
1160 4131 1328 4190 nostrum
1358 4116 1576 4214 imperfecto

477 4423 503 4491 ι)
523 4423 564 4473 Cf.
583 4438 662 4487 supra
680 4439 707 4488 p.
727 4433 769 4486 30.
841 4420 870 4488 2)
888 4421 921 4472 cf.
940 4436 1019 4486 supra
1037 4419 1051 4487 ξ
1072 4433 1083 4470 1
1105 4437 1131 4486 p.
1150 4419 1193 4484 48.

476 4509 504 4577 3)
523 4509 590 4560 sicut
609 4509 682 4558 verbi
701 4509 839 4571 πέμπειν
858 4523 965 4572 quoque
983 4507 1016 4556 de
1034 4506 1128 4572 legatis
1147 4505 1232 4557 missis
1245 4504 1399 4571 imperfecta
1414 4505 1578 4570 expectativa

438 4598 563 4665 leguntur
581 4595 653 4646 hisce
672 4594 750 4644 locis:
771 4594 797 4644 11
817 4593 860 4660 81,
883 4606 911 4661 ¹5
932 4593 1027 4661 V118,
1048 4593 1162 4661 1;vl11
1180 4591 1224 4661 38,
1242 4607 1273 4661 43
1293 4605 1336 4660 39,
1355 4606 1380 4657 4.

758 5596 807 5629 ..
926 5424 1123 5630 Ἰ
