<?xml version="1.0" encoding="UTF-8"?>
<!DOCTYPE html PUBLIC "-//W3C//DTD XHTML 1.0 Transitional//EN"
    "http://www.w3.org/TR/xhtml1/DTD/xhtml1-transitional.dtd">
<html xmlns="http://www.w3.org/1999/xhtml" xml:lang="en" lang="en">
 <head>
  <title>
</title>
<meta http-equiv="Content-Type" content="text/html;charset=utf-8" />
  <meta name='ocr-system' content='tesseract 3.04.00' />
  <meta name='ocr-capabilities' content='ocr_page ocr_carea ocr_par ocr_line ocrx_word'/>
</head>
<body>
  <div class='ocr_page' id='page_1' title='image "./deimperfectieta00hillgoog_0023.png"; bbox 0 0 3726 5656; ppageno 0'>
   <div class='ocr_carea' id='block_1_1' title="bbox 778 1409 1307 1507">
    <p class='ocr_par' dir='ltr' id='par_1_1' title="bbox 778 1409 1307 1507">
     <span class='ocr_line' id='line_1_1' title="bbox 778 1409 1307 1507; baseline -0.006 -1"><span class='ocrx_word' id='word_1_1' title='bbox 778 1409 1000 1507; x_wconf 86' lang='lat' dir='ltr'>CAPUT</span> <span class='ocrx_word' id='word_1_2' title='bbox 1028 1411 1307 1506; x_wconf 89' lang='lat' dir='ltr'><strong>PRIMUM.</strong></span> 
     </span>
    </p>
   </div>
   <div class='ocr_carea' id='block_1_2' title="bbox 503 1796 1591 1882">
    <p class='ocr_par' dir='ltr' id='par_1_2' title="bbox 503 1796 1591 1882">
     <span class='ocr_line' id='line_1_2' title="bbox 503 1796 1591 1882; baseline -0.001 -31"><span class='ocrx_word' id='word_1_3' title='bbox 503 1802 552 1851; x_wconf 90' lang='lat' dir='ltr'>DE</span> <span class='ocrx_word' id='word_1_4' title='bbox 574 1799 788 1882; x_wconf 75' lang='lat' dir='ltr'>IMl&#39;ERFECTI</span> <span class='ocrx_word' id='word_1_5' title='bbox 809 1799 855 1848; x_wconf 90' lang='lat' dir='ltr'>ET</span> <span class='ocrx_word' id='word_1_6' title='bbox 879 1798 1022 1849; x_wconf 81' lang='lat' dir='ltr'>AORISTI</span> <span class='ocrx_word' id='word_1_7' title='bbox 1044 1797 1109 1849; x_wconf 88' lang='lat' dir='ltr'>USU</span> <span class='ocrx_word' id='word_1_8' title='bbox 1130 1798 1171 1848; x_wconf 92' lang='lat' dir='ltr'>IN</span> <span class='ocrx_word' id='word_1_9' title='bbox 1195 1796 1337 1847; x_wconf 83' lang='lat' dir='ltr'>GENERE</span> <span class='ocrx_word' id='word_1_10' title='bbox 1360 1796 1591 1850; x_wconf 82' lang='lat' dir='ltr'><strong>DISPUTATUR.</strong></span> 
     </span>
    </p>
   </div>
   <div class='ocr_carea' id='block_1_3' title="bbox 380 1972 1620 4637">
    <p class='ocr_par' dir='ltr' id='par_1_3' title="bbox 380 1972 1620 4637">
     <span class='ocr_line' id='line_1_3' title="bbox 530 1972 1615 2072; baseline 0 -25"><span class='ocrx_word' id='word_1_11' title='bbox 530 1975 638 2049; x_wconf 89' lang='lat' dir='ltr'>Error</span> <span class='ocrx_word' id='word_1_12' title='bbox 652 1972 847 2072; x_wconf 90' lang='lat' dir='ltr'>principalis</span> <span class='ocrx_word' id='word_1_13' title='bbox 861 1973 920 2072; x_wconf 92' lang='lat' dir='ltr'>qui</span> <span class='ocrx_word' id='word_1_14' title='bbox 933 2000 999 2072; x_wconf 88' lang='lat' dir='ltr'>per</span> <span class='ocrx_word' id='word_1_15' title='bbox 1012 1973 1122 2048; x_wconf 89' lang='lat' dir='ltr'>multa</span> <span class='ocrx_word' id='word_1_16' title='bbox 1135 1973 1277 2049; x_wconf 89' lang='lat' dir='ltr'>saecula</span> <span class='ocrx_word' id='word_1_17' title='bbox 1289 1974 1466 2072; x_wconf 88' lang='lat' dir='ltr'><strong>prohibuit</strong></span> <span class='ocrx_word' id='word_1_18' title='bbox 1480 1974 1615 2071; x_wconf 92' lang='lat' dir='ltr'>quomi-</span> 
     </span>
     <span class='ocr_line' id='line_1_4' title="bbox 477 2095 1616 2195; baseline -0.002 -25"><span class='ocrx_word' id='word_1_19' title='bbox 477 2123 542 2171; x_wconf 91' lang='lat' dir='ltr'>nus</span> <span class='ocrx_word' id='word_1_20' title='bbox 578 2097 695 2171; x_wconf 90' lang='lat' dir='ltr'>aoristi</span> <span class='ocrx_word' id='word_1_21' title='bbox 724 2097 821 2195; x_wconf 91' lang='lat' dir='ltr'>apud</span> <span class='ocrx_word' id='word_1_22' title='bbox 847 2097 1036 2194; x_wconf 86' lang='lat' dir='ltr'>scriptores</span> <span class='ocrx_word' id='word_1_23' title='bbox 1063 2095 1223 2170; x_wconf 90' lang='lat' dir='ltr'>Graecos</span> <span class='ocrx_word' id='word_1_24' title='bbox 1250 2123 1332 2170; x_wconf 90' lang='lat' dir='ltr'>usus</span> <span class='ocrx_word' id='word_1_25' title='bbox 1360 2112 1457 2171; x_wconf 88' lang='lat' dir='ltr'>recte</span> <span class='ocrx_word' id='word_1_26' title='bbox 1484 2096 1616 2194; x_wconf 88' lang='lat' dir='ltr'>perspi-</span> 
     </span>
     <span class='ocr_line' id='line_1_5' title="bbox 477 2219 1618 2324; baseline -0.001 -31"><span class='ocrx_word' id='word_1_27' title='bbox 477 2235 614 2294; x_wconf 88' lang='lat' dir='ltr'>ceretur</span> <span class='ocrx_word' id='word_1_28' title='bbox 647 2220 703 2293; x_wconf 94' lang='lat' dir='ltr'>hic</span> <span class='ocrx_word' id='word_1_29' title='bbox 738 2235 825 2309; x_wconf 86' lang='lat' dir='ltr'>erat,</span> <span class='ocrx_word' id='word_1_30' title='bbox 863 2219 961 2316; x_wconf 90' lang='lat' dir='ltr'>quod</span> <span class='ocrx_word' id='word_1_31' title='bbox 996 2244 1121 2292; x_wconf 88' lang='lat' dir='ltr'>omnes</span> <span class='ocrx_word' id='word_1_32' title='bbox 1155 2219 1291 2292; x_wconf 85' lang='lat' dir='ltr'>sormae</span> <span class='ocrx_word' id='word_1_33' title='bbox 1326 2219 1445 2292; x_wconf 90' lang='lat' dir='ltr'>aoristi</span> <span class='ocrx_word' id='word_1_34' title='bbox 1476 2234 1618 2324; x_wconf 88' lang='lat' dir='ltr'>tempus</span> 
     </span>
     <span class='ocr_line' id='line_1_6' title="bbox 476 2339 1618 2440; baseline -0.001 -25"><span class='ocrx_word' id='word_1_35' title='bbox 476 2343 704 2439; x_wconf 89' lang='lat' dir='ltr'>praeteritum</span> <span class='ocrx_word' id='word_1_36' title='bbox 739 2340 934 2440; x_wconf 90' lang='lat' dir='ltr'>significare</span> <span class='ocrx_word' id='word_1_37' title='bbox 969 2342 1196 2438; x_wconf 88' lang='lat' dir='ltr'>putabantur.</span> <span class='ocrx_word' id='word_1_38' title='bbox 1236 2341 1307 2434; x_wconf 83' lang='lat' dir='ltr'>Qui</span> <span class='ocrx_word' id='word_1_39' title='bbox 1340 2367 1437 2415; x_wconf 91' lang='lat' dir='ltr'>error</span> <span class='ocrx_word' id='word_1_40' title='bbox 1473 2367 1518 2414; x_wconf 88' lang='lat' dir='ltr'>ex</span> <span class='ocrx_word' id='word_1_41' title='bbox 1549 2339 1618 2415; x_wconf 95' lang='lat' dir='ltr'>alio</span> 
     </span>
     <span class='ocr_line' id='line_1_7' title="bbox 380 2463 1618 2560; baseline -0.002 -22"><span class='ocrx_word' id='word_1_42' title='bbox 380 2472 389 2484; x_wconf 78' lang='lat'>&#39;</span> <span class='ocrx_word' id='word_1_43' title='bbox 477 2490 596 2538; x_wconf 88' lang='lat' dir='ltr'>errore</span> <span class='ocrx_word' id='word_1_44' title='bbox 622 2480 727 2538; x_wconf 89' lang='lat' dir='ltr'>natus</span> <span class='ocrx_word' id='word_1_45' title='bbox 745 2489 825 2537; x_wconf 90' lang='lat' dir='ltr'>esse</span> <span class='ocrx_word' id='word_1_46' title='bbox 847 2463 992 2536; x_wconf 89' lang='lat' dir='ltr'>videtur.</span> <span class='ocrx_word' id='word_1_47' title='bbox 1019 2463 1161 2560; x_wconf 83' lang='lat' dir='ltr'><strong>Nempe</strong></span> <span class='ocrx_word' id='word_1_48' title='bbox 1185 2463 1379 2536; x_wconf 91' lang='lat' dir='ltr'>communis</span> <span class='ocrx_word' id='word_1_49' title='bbox 1402 2464 1618 2560; x_wconf 84' lang='lat' dir='ltr'>opinio-erat</span> 
     </span>
     <span class='ocr_line' id='line_1_8' title="bbox 476 2585 1619 2684; baseline 0 -26"><span class='ocrx_word' id='word_1_50' title='bbox 476 2586 667 2660; x_wconf 76' lang='lat' dir='ltr'>formarum</span> <span class='ocrx_word' id='word_1_51' title='bbox 694 2611 829 2684; x_wconf 88' lang='lat' dir='ltr'>genera</span> <span class='ocrx_word' id='word_1_52' title='bbox 849 2589 949 2683; x_wconf 72' lang='lat' dir='ltr'>&#39;quae</span> <span class='ocrx_word' id='word_1_53' title='bbox 979 2585 1231 2683; x_wconf 82' lang='lat' dir='ltr'>„temporum”</span> <span class='ocrx_word' id='word_1_54' title='bbox 1260 2586 1403 2659; x_wconf 89' lang='lat' dir='ltr'>nomine</span> <span class='ocrx_word' id='word_1_55' title='bbox 1428 2586 1619 2660; x_wconf 89' lang='lat' dir='ltr'>indicantur</span> 
     </span>
     <span class='ocr_line' id='line_1_9' title="bbox 477 2705 1618 2804; baseline 0.001 -24"><span class='ocrx_word' id='word_1_56' title='bbox 477 2705 560 2780; x_wconf 86' lang='lat' dir='ltr'>nihil</span> <span class='ocrx_word' id='word_1_57' title='bbox 578 2707 744 2780; x_wconf 44' lang='lat' dir='ltr'>*indicare</span> <span class='ocrx_word' id='word_1_58' title='bbox 771 2707 833 2780; x_wconf 90' lang='lat' dir='ltr'>nisi</span> <span class='ocrx_word' id='word_1_59' title='bbox 859 2707 1028 2804; x_wconf 92' lang='lat' dir='ltr'>temporis</span> <span class='ocrx_word' id='word_1_60' title='bbox 1055 2705 1273 2798; x_wconf 82' lang='lat' dir='ltr'><strong>relationem,</strong></span> <span class='ocrx_word' id='word_1_61' title='bbox 1302 2733 1398 2804; x_wconf 90' lang='lat' dir='ltr'>quae</span> <span class='ocrx_word' id='word_1_62' title='bbox 1424 2707 1618 2781; x_wconf 81' lang='lat' dir='ltr'>intercedat</span> 
     </span>
     <span class='ocr_line' id='line_1_10' title="bbox 474 2827 1610 2927; baseline -0.002 -24"><span class='ocrx_word' id='word_1_63' title='bbox 474 2830 563 2904; x_wconf 88' lang='lat' dir='ltr'>inter</span> <span class='ocrx_word' id='word_1_64' title='bbox 589 2855 674 2903; x_wconf 91' lang='lat' dir='ltr'>eum</span> <span class='ocrx_word' id='word_1_65' title='bbox 701 2829 759 2926; x_wconf 93' lang='lat' dir='ltr'>qui</span> <span class='ocrx_word' id='word_1_66' title='bbox 785 2827 934 2926; x_wconf 91' lang='lat' dir='ltr'>loquitur</span> <span class='ocrx_word' id='word_1_67' title='bbox 955 2845 1067 2927; x_wconf 91' lang='lat' dir='ltr'>atque</span> <span class='ocrx_word' id='word_1_68' title='bbox 1088 2830 1262 2903; x_wconf 86' lang='lat' dir='ltr'>actionem</span> <span class='ocrx_word' id='word_1_69' title='bbox 1286 2830 1332 2903; x_wconf 89' lang='lat' dir='ltr'>de</span> <span class='ocrx_word' id='word_1_70' title='bbox 1353 2854 1424 2926; x_wconf 91' lang='lat' dir='ltr'>qua</span> <span class='ocrx_word' id='word_1_71' title='bbox 1447 2828 1610 2926; x_wconf 90' lang='lat' dir='ltr'>loquitur.</span> 
     </span>
     <span class='ocr_line' id='line_1_11' title="bbox 477 2951 1617 3049; baseline -0.001 -25"><span class='ocrx_word' id='word_1_72' title='bbox 477 2952 584 3045; x_wconf 82' lang='lat' dir='ltr'>Quae</span> <span class='ocrx_word' id='word_1_73' title='bbox 619 2952 815 3025; x_wconf 87' lang='lat' dir='ltr'>inveterata</span> <span class='ocrx_word' id='word_1_74' title='bbox 850 2951 966 3047; x_wconf 90' lang='lat' dir='ltr'>opinio</span> <span class='ocrx_word' id='word_1_75' title='bbox 1001 2977 1117 3024; x_wconf 90' lang='lat' dir='ltr'>rursus</span> <span class='ocrx_word' id='word_1_76' title='bbox 1153 2967 1231 3024; x_wconf 88' lang='lat' dir='ltr'>orta</span> <span class='ocrx_word' id='word_1_77' title='bbox 1259 2966 1336 3025; x_wconf 92' lang='lat' dir='ltr'>erat</span> <span class='ocrx_word' id='word_1_78' title='bbox 1363 2977 1490 3042; x_wconf 86' lang='lat' dir='ltr'>exeo,</span> <span class='ocrx_word' id='word_1_79' title='bbox 1520 2951 1617 3049; x_wconf 93' lang='lat' dir='ltr'>quod</span> 
     </span>
     <span class='ocr_line' id='line_1_12' title="bbox 477 3072 1619 3173; baseline -0.002 -26"><span class='ocrx_word' id='word_1_80' title='bbox 477 3073 688 3171; x_wconf 88' lang='lat' dir='ltr'>antiquiores</span> <span class='ocrx_word' id='word_1_81' title='bbox 721 3073 941 3173; x_wconf 86' lang='lat' dir='ltr'>grammatici</span> <span class='ocrx_word' id='word_1_82' title='bbox 976 3074 1011 3146; x_wconf 94' lang='lat' dir='ltr'>in</span> <span class='ocrx_word' id='word_1_83' title='bbox 1037 3072 1177 3173; x_wconf 84' lang='lat' dir='ltr'>linguae</span> <span class='ocrx_word' id='word_1_84' title='bbox 1203 3072 1343 3172; x_wconf 85' lang='lat' dir='ltr'>legibus</span> <span class='ocrx_word' id='word_1_85' title='bbox 1369 3073 1619 3147; x_wconf 88' lang='lat' dir='ltr'>constituendis</span> 
     </span>
     <span class='ocr_line' id='line_1_13' title="bbox 476 3195 1620 3295; baseline -0.001 -26"><span class='ocrx_word' id='word_1_86' title='bbox 476 3222 500 3269; x_wconf 91' lang='lat' dir='ltr'>a</span> <span class='ocrx_word' id='word_1_87' title='bbox 534 3195 723 3270; x_wconf 89' lang='lat' dir='ltr'>schematis</span> <span class='ocrx_word' id='word_1_88' title='bbox 751 3195 873 3295; x_wconf 88' lang='lat' dir='ltr'>logicis</span> <span class='ocrx_word' id='word_1_89' title='bbox 899 3195 1222 3292; x_wconf 88' lang='lat' dir='ltr'>proficiscebantur,</span> <span class='ocrx_word' id='word_1_90' title='bbox 1251 3222 1330 3269; x_wconf 93' lang='lat' dir='ltr'>cum</span> <span class='ocrx_word' id='word_1_91' title='bbox 1359 3212 1493 3287; x_wconf 88' lang='lat' dir='ltr'>contra,</span> <span class='ocrx_word' id='word_1_92' title='bbox 1522 3196 1620 3293; x_wconf 91' lang='lat' dir='ltr'>quod</span> 
     </span>
     <span class='ocr_line' id='line_1_14' title="bbox 475 3316 1619 3415; baseline -0.001 -23"><span class='ocrx_word' id='word_1_93' title='bbox 475 3319 671 3415; x_wconf 89' lang='lat' dir='ltr'>posteriore</span> <span class='ocrx_word' id='word_1_94' title='bbox 707 3319 852 3391; x_wconf 90' lang='lat' dir='ltr'>demum</span> <span class='ocrx_word' id='word_1_95' title='bbox 889 3333 991 3413; x_wconf 89' lang='lat' dir='ltr'>parte</span> <span class='ocrx_word' id='word_1_96' title='bbox 1023 3316 1151 3391; x_wconf 91' lang='lat' dir='ltr'>saeculi</span> <span class='ocrx_word' id='word_1_97' title='bbox 1178 3318 1327 3414; x_wconf 89' lang='lat' dir='ltr'>proximi</span> <span class='ocrx_word' id='word_1_98' title='bbox 1354 3343 1377 3390; x_wconf 89' lang='lat' dir='ltr'>a</span> <span class='ocrx_word' id='word_1_99' title='bbox 1403 3318 1483 3391; x_wconf 92' lang='lat' dir='ltr'>viris</span> <span class='ocrx_word' id='word_1_100' title='bbox 1507 3317 1619 3391; x_wconf 90' lang='lat' dir='ltr'>doctis</span> 
     </span>
     <span class='ocr_line' id='line_1_15' title="bbox 475 3437 1616 3538; baseline -0.001 -24"><span class='ocrx_word' id='word_1_101' title='bbox 475 3439 688 3514; x_wconf 89' lang='lat' dir='ltr'>intellectum</span> <span class='ocrx_word' id='word_1_102' title='bbox 723 3455 789 3530; x_wconf 87' lang='lat' dir='ltr'>est,</span> <span class='ocrx_word' id='word_1_103' title='bbox 824 3438 946 3538; x_wconf 91' lang='lat' dir='ltr'>lingua</span> <span class='ocrx_word' id='word_1_104' title='bbox 981 3439 1049 3513; x_wconf 92' lang='lat' dir='ltr'>vivi</span> <span class='ocrx_word' id='word_1_105' title='bbox 1077 3439 1232 3537; x_wconf 89' lang='lat' dir='ltr'>corporis</span> <span class='ocrx_word' id='word_1_106' title='bbox 1259 3437 1340 3513; x_wconf 93' lang='lat' dir='ltr'>loco</span> <span class='ocrx_word' id='word_1_107' title='bbox 1367 3439 1411 3513; x_wconf 89' lang='lat' dir='ltr'>sit</span> <span class='ocrx_word' id='word_1_108' title='bbox 1438 3439 1616 3530; x_wconf 90' lang='lat' dir='ltr'>habenda,</span> 
     </span>
     <span class='ocr_line' id='line_1_16' title="bbox 477 3560 1618 3661; baseline -0.002 -25"><span class='ocrx_word' id='word_1_109' title='bbox 477 3565 575 3661; x_wconf 90' lang='lat' dir='ltr'>cujus</span> <span class='ocrx_word' id='word_1_110' title='bbox 601 3560 702 3661; x_wconf 85' lang='lat' dir='ltr'>leges</span> <span class='ocrx_word' id='word_1_111' title='bbox 730 3587 775 3636; x_wconf 85' lang='lat' dir='ltr'>ex</span> <span class='ocrx_word' id='word_1_112' title='bbox 801 3561 907 3658; x_wconf 90' lang='lat' dir='ltr'>ipsius</span> <span class='ocrx_word' id='word_1_113' title='bbox 930 3560 1228 3658; x_wconf 90' lang='lat' dir='ltr'>contemplatione</span> <span class='ocrx_word' id='word_1_114' title='bbox 1251 3561 1352 3654; x_wconf 89' lang='lat' dir='ltr'>effici,</span> <span class='ocrx_word' id='word_1_115' title='bbox 1377 3586 1448 3635; x_wconf 89' lang='lat' dir='ltr'>non</span> <span class='ocrx_word' id='word_1_116' title='bbox 1469 3588 1492 3635; x_wconf 95' lang='lat' dir='ltr'>a</span> <span class='ocrx_word' id='word_1_117' title='bbox 1514 3561 1618 3658; x_wconf 90' lang='lat' dir='ltr'>priori</span> 
     </span>
     <span class='ocr_line' id='line_1_17' title="bbox 476 3682 1616 3784; baseline -0.002 -26"><span class='ocrx_word' id='word_1_118' title='bbox 476 3712 498 3758; x_wconf 90' lang='lat' dir='ltr'>e</span> <span class='ocrx_word' id='word_1_119' title='bbox 524 3684 697 3781; x_wconf 90' lang='lat' dir='ltr'>principiis</span> <span class='ocrx_word' id='word_1_120' title='bbox 723 3682 845 3784; x_wconf 87' lang='lat' dir='ltr'>logicis</span> <span class='ocrx_word' id='word_1_121' title='bbox 871 3683 1019 3758; x_wconf 90' lang='lat' dir='ltr'>derivari</span> <span class='ocrx_word' id='word_1_122' title='bbox 1046 3684 1212 3758; x_wconf 88' lang='lat' dir='ltr'>debeant.</span> <span class='ocrx_word' id='word_1_123' title='bbox 1244 3682 1303 3757; x_wconf 94' lang='lat' dir='ltr'>llla</span> <span class='ocrx_word' id='word_1_124' title='bbox 1330 3684 1501 3781; x_wconf 88' lang='lat' dir='ltr'>antiquior</span> <span class='ocrx_word' id='word_1_125' title='bbox 1527 3682 1616 3758; x_wconf 91' lang='lat' dir='ltr'>ratio</span> 
     </span>
     <span class='ocr_line' id='line_1_18' title="bbox 476 3805 1617 3906; baseline -0.002 -26"><span class='ocrx_word' id='word_1_126' title='bbox 476 3809 571 3882; x_wconf 88' lang='lat' dir='ltr'>bene</span> <span class='ocrx_word' id='word_1_127' title='bbox 608 3807 774 3906; x_wconf 87' lang='lat' dir='ltr'>cognosci</span> <span class='ocrx_word' id='word_1_128' title='bbox 807 3821 927 3904; x_wconf 90' lang='lat' dir='ltr'>potest</span> <span class='ocrx_word' id='word_1_129' title='bbox 963 3833 1007 3880; x_wconf 90' lang='lat' dir='ltr'>ex</span> <span class='ocrx_word' id='word_1_130' title='bbox 1039 3807 1088 3897; x_wconf 88' lang='lat' dir='ltr'>iis,</span> <span class='ocrx_word' id='word_1_131' title='bbox 1123 3832 1217 3905; x_wconf 90' lang='lat' dir='ltr'>quae</span> <span class='ocrx_word' id='word_1_132' title='bbox 1245 3805 1492 3880; x_wconf 75' lang='lat' dir='ltr'>Gooonssnnus</span> <span class='ocrx_word' id='word_1_133' title='bbox 1521 3806 1617 3879; x_wconf 77' lang='lat' dir='ltr'>HER-</span> 
     </span>
     <span class='ocr_line' id='line_1_19' title="bbox 477 3926 1617 4022; baseline -0.001 -21"><span class='ocrx_word' id='word_1_134' title='bbox 477 3950 625 4002; x_wconf 82' lang='lat' dir='ltr'>MANNUS</span> <span class='ocrx_word' id='word_1_135' title='bbox 665 3928 698 4000; x_wconf 91' lang='lat' dir='ltr'>in</span> <span class='ocrx_word' id='word_1_136' title='bbox 737 3926 854 4001; x_wconf 90' lang='lat' dir='ltr'>libello</span> <span class='ocrx_word' id='word_1_137' title='bbox 901 3929 981 4022; x_wconf 79' lang='lat' dir='ltr'>„De</span> <span class='ocrx_word' id='word_1_138' title='bbox 1017 3928 1242 4002; x_wconf 90' lang='lat' dir='ltr'>emendanda</span> <span class='ocrx_word' id='word_1_139' title='bbox 1278 3929 1414 4002; x_wconf 89' lang='lat' dir='ltr'>ratione</span> <span class='ocrx_word' id='word_1_140' title='bbox 1452 3927 1617 4002; x_wconf 88' lang='lat' dir='ltr'>Graecae</span> 
     </span>
     <span class='ocr_line' id='line_1_20' title="bbox 476 4048 1616 4150; baseline -0.001 -27"><span class='ocrx_word' id='word_1_141' title='bbox 476 4048 757 4150; x_wconf 88' lang='lat' dir='ltr'>grammaticae’&#39;</span> <span class='ocrx_word' id='word_1_142' title='bbox 797 4051 895 4145; x_wconf 92' lang='lat' dir='ltr'>(pars</span> <span class='ocrx_word' id='word_1_143' title='bbox 930 4049 1055 4145; x_wconf 87' lang='lat' dir='ltr'>prima,</span> <span class='ocrx_word' id='word_1_144' title='bbox 1085 4051 1181 4148; x_wconf 79' lang='lat' dir='ltr'>L&#39;ips.</span> <span class='ocrx_word' id='word_1_145' title='bbox 1218 4051 1330 4147; x_wconf 87' lang='lat'><em>1801)</em></span> <span class='ocrx_word' id='word_1_146' title='bbox 1358 4076 1438 4146; x_wconf 91' lang='lat' dir='ltr'>cap.</span> <span class='ocrx_word' id='word_1_147' title='bbox 1469 4050 1544 4122; x_wconf 90' lang='lat' dir='ltr'>XV</span> <span class='ocrx_word' id='word_1_148' title='bbox 1570 4050 1616 4123; x_wconf 91' lang='lat' dir='ltr'>de</span> 
     </span>
     <span class='ocr_line' id='line_1_21' title="bbox 442 4171 1618 4271; baseline 0 -26"><span class='ocrx_word' id='word_1_149' title='bbox 442 4184 443 4187; x_wconf 75' lang='grc'>’</span> <span class='ocrx_word' id='word_1_150' title='bbox 476 4173 589 4245; x_wconf 90' lang='lat' dir='ltr'>verbo</span> <span class='ocrx_word' id='word_1_151' title='bbox 622 4172 820 4269; x_wconf 86' lang='lat' dir='ltr'>disputavit,</span> <span class='ocrx_word' id='word_1_152' title='bbox 849 4173 908 4244; x_wconf 91' lang='lat' dir='ltr'>ubi</span> <span class='ocrx_word' id='word_1_153' title='bbox 935 4197 956 4246; x_wconf 88' lang='lat' dir='ltr'>e</span> <span class='ocrx_word' id='word_1_154' title='bbox 984 4172 1248 4246; x_wconf 89' lang='lat' dir='ltr'>deductionibus</span> <span class='ocrx_word' id='word_1_155' title='bbox 1275 4198 1374 4246; x_wconf 90' lang='lat' dir='ltr'>mere</span> <span class='ocrx_word' id='word_1_156' title='bbox 1401 4171 1522 4271; x_wconf 85' lang='lat' dir='ltr'>logicis</span> <span class='ocrx_word' id='word_1_157' title='bbox 1549 4173 1618 4245; x_wconf 94' lang='lat' dir='ltr'>hoc</span> 
     </span>
     <span class='ocr_line' id='line_1_22' title="bbox 476 4294 1620 4392; baseline -0.002 -24"><span class='ocrx_word' id='word_1_158' title='bbox 476 4294 648 4368; x_wconf 91' lang='lat' dir='ltr'>concludit</span> <span class='ocrx_word' id='word_1_159' title='bbox 672 4296 721 4392; x_wconf 90' lang='lat' dir='ltr'>(p.</span> <span class='ocrx_word' id='word_1_160' title='bbox 752 4296 857 4391; x_wconf 89' lang='lat' dir='ltr'>18o):</span> <span class='ocrx_word' id='word_1_161' title='bbox 890 4339 961 4388; x_wconf 84' lang='lat'>„—-</span> <span class='ocrx_word' id='word_1_162' title='bbox 987 4295 1289 4388; x_wconf 78' lang='lat' dir='ltr'>Quamobrem</span> <span class='ocrx_word' id='word_1_163' title='bbox 1313 4295 1460 4368; x_wconf 89' lang='lat' dir='ltr'>omnis</span> <span class='ocrx_word' id='word_1_164' title='bbox 1483 4294 1620 4368; x_wconf 90' lang='lat' dir='ltr'>verbi</span> 
     </span>
     <span class='ocr_line' id='line_1_23' title="bbox 476 4414 1619 4514; baseline -0.002 -24"><span class='ocrx_word' id='word_1_165' title='bbox 476 4414 651 4490; x_wconf 89' lang='lat' dir='ltr'>relatio</span> <span class='ocrx_word' id='word_1_166' title='bbox 674 4416 730 4489; x_wconf 95' lang='lat' dir='ltr'>ad</span> <span class='ocrx_word' id='word_1_167' title='bbox 752 4432 1015 4514; x_wconf 91' lang='lat' dir='ltr'>temporum</span> <span class='ocrx_word' id='word_1_168' title='bbox 1037 4417 1158 4491; x_wconf 90' lang='lat' dir='ltr'>inter</span> <span class='ocrx_word' id='word_1_169' title='bbox 1184 4443 1233 4490; x_wconf 89' lang='lat' dir='ltr'>se</span> <span class='ocrx_word' id='word_1_170' title='bbox 1255 4417 1489 4492; x_wconf 90' lang='lat' dir='ltr'>rationem</span> <span class='ocrx_word' id='word_1_171' title='bbox 1509 4442 1619 4490; x_wconf 93' lang='lat' dir='ltr'>com·</span> 
     </span>
     <span class='ocr_line' id='line_1_24' title="bbox 475 4538 1496 4637; baseline 0.003 -27"><span class='ocrx_word' id='word_1_172' title='bbox 475 4538 868 4637; x_wconf 88' lang='lat' dir='ltr'>parationemque</span> <span class='ocrx_word' id='word_1_173' title='bbox 893 4539 1139 4636; x_wconf 88' lang='lat' dir='ltr'>pertineat</span> <span class='ocrx_word' id='word_1_174' title='bbox 1166 4557 1363 4613; x_wconf 86' lang='lat' dir='ltr'>necesse</span> <span class='ocrx_word' id='word_1_175' title='bbox 1390 4539 1496 4613; x_wconf 88' lang='lat' dir='ltr'>est’‘.</span> 
     </span>
    </p>
   </div>
   <div class='ocr_carea' id='block_1_4' title="bbox 0 0 1868 5652">
    <p class='ocr_par' dir='ltr' id='par_1_4' title="bbox 0 0 1868 5652">
     <span class='ocr_line' id='line_1_25' title="bbox 0 0 1868 5652; baseline 0 0"><span class='ocrx_word' id='word_1_176' title='bbox 0 0 1868 5652; x_wconf 95' lang='lat' dir='ltr'> </span> 
     </span>
    </p>
   </div>
  </div>
 </body>
</html>
