3770 5662
1013 562 1061 632 92

471 781 545 856 que
567 756 605 831 vi
629 754 804 831 conativa
819 753 1029 853 praeditum
1049 753 1221 853 „insuper
1234 754 1427 853 acquirere
1441 755 1609 856 conari')

470 878 621 978 legitur:
661 878 676 951 I
721 902 805 972 144,
850 902 863 951 1
901 877 943 961 ἢν
972 876 1098 967 ἐθέλητε
1125 875 1235 983 οἷρχὲν
1263 877 1311 981 μὴ
1341 881 1608 973 ἐτικτοῖσθαις

473 1002 508 1076 II
539 1007 601 1096 65,
634 1021 654 1097 7
685 998 794 1105 ἀρχὴν
821 999 870 1104 μὴ
900 999 1227 1102 ἐπικτωμένους;
1261 1000 1315 1073 IV
1345 1006 1407 1091 61,
1444 1026 1456 1074 1
1489 996 1531 1079 τὰ
1557 1000 1607 1106 μὴ

472 1125 678 1230 προσήκοντα
705 1121 1018 1224 ἐπικτωμένονς.

526 1245 650 1319 Etiam
689 1243 938 1341 compositum
976 1248 1268 1322 κατακτᾶσθαι
1306 1270 1382 1342 quo
1416 1244 1497 1320 solo
1525 1242 1609 1320 loco

474 1366 632 1443 occurrit
655 1365 724 1464 (IV
750 1369 813 1457 86,
840 1366 877 1463 5)
898 1364 1182 1461 quodammodo
1203 1364 1377 1440 conative
1391 1383 1609 1465 usurpatum

474 1505 549 1584 est3
580 1484 671 1568 αὐτοὶ
699 1486 741 1568 ἂν
771 1492 963 1591 φαινοίμεθα
986 1489 1119 1592 ἐχθιόνα
1143 1489 1208 1582 (sc.
1233 1488 1446 1592 ἐγκλήματα)
1470 1489 1491 1573 ἢ
1515 1496 1534 1566 o‘
1559 1488 1608 1593 μὴ

472 1615 646 1706 ὑποδείξας
662 1610 778 1716 οἷρετὴν
801 1609 1119 1713 κατακτῶμενοι
1143 1610 1209 1684 i.e.
1232 1609 1324 1707 „ipsi
1335 1611 1449 1685 etiam
1464 1612 1610 1710 gravio-

472 1761 534 1810 res
566 1733 823 1810 accusationes
853 1732 960 1808 nobis
988 1732 1253 1806 contrahentes
1281 1733 1609 1832 comperiremur‘'.

528 1857 754 1955 (Compositi
780 1859 1066 1961 προσκτᾶσθαι
1094 1869 1189 1952 part.
1215 1879 1336 1952 praes.
1358 1858 1462 1954 quod
1476 1854 1611 1956 legitur

474 1981 529 2054 VI
571 1983 630 2073 18,
671 2003 690 2052 2
731 1978 847 2052 habet
878 1978 954 2052 vim
982 1978 1211 2052 iterativam:
1247 1979 1423 2078 „singulis
1449 1980 1611 2055 occasio-

476 2103 583 2178 nibus
610 2100 891 2200 acquirentes''3
921 2100 989 2174 sed
1017 2100 1069 2172 IV
1099 2121 1162 2194 95,
1191 2125 1210 2174 2
1239 2107 1502 2207 πρασκτᾶσθε
1530 2127 1610 2177 rem

473 2224 635 2301 suturam
671 2239 865 2322 tamquam
898 2222 979 2321 jam
1016 2238 1254 2319 praesentem
1289 2239 1328 2298 et
1361 2238 1507 2298 tantum
1535 2249 1609 2300 non

474 2361 665 2448 peractam
702 2345 930 2421 audientium
968 2343 1085 2418 oculis
1113 2347 1290 2444 proponit
1317 2361 1460 2421 orator:
1495 2348 1610 2442 „insu-

473 2497 542 2569 per
569 2467 822 2568 acquiretis''.)

527 2592 643 2667 Verbi
681 2587 856 2670 κωλύειν
883 2591 1200 2689 praesenticarum
1229 2591 1432 2666 formarum
1460 2593 1611 2691 propria

476 2715 695 2815 significatio
711 2729 769 2789 est
782 2713 972 2789 conativa:
996 2714 1197 2812 „impedire
1207 2713 1491 2810 eonari”.Quae
1500 2717 1611 2816 signi-

475 2838 600 2914 ficatio
621 2837 720 2913 clare
741 2835 861 2912 elucet
885 2836 920 2910 in
944 2851 1140 2934 pactorum
1158 2835 1323 2912 formulis
1338 2863 1361 2912 a
1376 2853 1504 2913 nostro
1518 2838 1611 2914 rela-

475 2962 538 3036 tis:
555 2961 634 3034 VIII
653 2965 710 3049 18,
729 2986 742 3033 1
763 2959 987 3039 κωλυόντων
1007 2975 1100 3068 κοινῇ
1114 2957 1268 3066 βασιλεὺς
1282 2963 1343 3040 και1
1353 2961 1611 3066 Λακεδαιμόνιοι

474 3085 542 3158 ie.
572 3083 609 3156 id
637 3099 755 3181 agant
781 3098 823 3156 ut
850 3083 1093 3180 prohibeant3
1122 3081 1287 3157 similiter
1313 3102 1374 3178 37,
1406 3105 1424 3178 5
1456 3083 1612 3190 βασιλεὺς

475 3205 665 3286 κωλυέτω
686 3221 725 3280 et
747 3205 885 3280 ibidem
909 3205 1009 3280 infin.
1032 3231 1154 3303 praes.
1177 3202 1252 3300 τοὺς
1273 3202 1396 3299 ἄλλους
1417 3203 1610 3303 κωλύεινς

474 3331 588 3405 etiam
620 3333 681 3424 58,
712 3353 737 3422 4
764 3329 915 3407 κωλυέτω
942 3344 981 3402 et
1009 3325 1144 3407 κωλύειν
1173 3328 1225 3402 ita
1252 3344 1486 3426 usurpantur.

528 3454 613 3551 lpse
649 3465 777 3525 noster
813 3449 1032 3547 imperfecto
1070 3452 1244 3525 conative
1271 3451 1384 3525 utitur
1410 3451 1463 3524 VI
1493 3456 1557 3545 98,
1589 3477 1609 3548 3

474 3563 559 3655 οὗτοι
596 3572 632 3652 δὲ
668 3572 878 3677 ὑπομένοντες
914 3572 1096 3652 ἐκῶλυον
1124 3573 1338 3671 (prohibere
1364 3574 1612 3673 conabantur)

472 3693 547 3790 τοὺς
574 3690 764 3787 Ἀθηναίους
790 3700 965 3800 λιθοφορεῖν
990 3696 1085 3793 („sie
1107 3695 1333 3770 versuchten
1355 3695 1415 3770 die
1440 3695 1612 3772 Athener

474 3846 518 3894 zu
556 3816 737 3892 hindem”
774 3817 860 3915 St.):
899 3843 921 3891 e
958 3817 1200 3917 paragrapho
1241 3818 1413 3915 sequenti
1454 3835 1613 3917 apparet

474 3966 562 4016 eum
599 3953 777 4014 conatum
810 3938 950 4014 irritum
978 3938 1102 4014 fuisse.
1132 3938 1308 4015 Similiter
1334 3939 1407 4013 VII
1439 3963 1500 4034 24,
1532 3963 1552 4034 3
1582 3945 1613 4020 οἱ

473 4059 541 4168 γὰρ
578 4060 767 4168 Συρακόσιοι
803 4062 919 4141 ναυσὶν
957 4057 1067 4141 αὐτόθι
1095 4064 1301 4167 ἐφορμοῦντες
1329 4061 1510 4142 ἐκῶλυον
1538 4071 1610 4142 κτλ.

476 4184 734 4282 imperfectum
755 4197 911 4258 conatus
933 4183 1084 4277 indicat,
1109 4185 1243 4283 quibus
1264 4199 1393 4259 tamen
1416 4185 1612 4260 conatibus

474 4320 708 4382 commeatus
742 4330 894 4403 prorsus
929 4305 1123 4381 intercludi
1166 4332 1241 4381 non
1280 4322 1467 4405 poterant,
1509 4308 1613 4404 quod

474 4444 634 4528 apparet
662 4455 709 4503 ex
741 4427 784 4502 iis
823 4453 922 4525 quae
956 4444 1180 4525 sequuntur:
1218 4436 1275 4507 καὶ
1313 4425 1370 4508 διὰ
1399 4427 1518 4535 μα’χης
1545 4429 1611 4520 ἤδη

474 4557 636 4658 ἐγίγνοντο
664 4556 699 4630 αἱ
726 4553 901 4656 ἐσκομιδαί
927 4553 1009 4650 (per
1037 4577 1078 4626 se
1106 4551 1320 4649 intelligitur
1342 4552 1444 4650 impl.
1467 4551 1610 4632 ε’κόνλυον
