3770 5662
1021 601 1071 678 70

474 799 586 892 fecto,
623 824 745 896 aeque
778 823 822 872 ac
850 797 1075 896 imperfectis
1103 821 1202 895 quae
1229 793 1406 894 leguntur
1432 823 1463 870 c.
1494 820 1558 890 44,
1574 776 1607 869 '1

473 921 630 1002 διέπλει
659 935 698 998 et
724 921 1018 1026 ξννδιέβαλλε,
1056 918 1314 994 describuntur
1351 918 1480 994 variae
1513 916 1612 994 dein·

473 1070 563 1141 ceps
591 1045 783 1142 copiarum
811 1058 938 1142 partes
965 1041 1003 1116 in
1031 1040 1192 1117 Siciliam
1220 1041 1444 1120 traicientes.

527 1167 598 1242 VII
630 1191 691 1262 23,
723 1191 744 1261 3
773 1170 809 1244 αἱ
834 1162 900 1271 γὰρ
926 1179 989 1243 τῶν
1017 1171 1223 1272 Συρακοσίων
1250 1208 1303 1220 -
1330 1179 1404 1258 νῆες
1433 1207 1485 1220 -
1507 1160 1613 1243 οὐδενὶ

473 1290 587 1394 κόσμῳ
621 1289 831 1369 ἐσέπλεονε
860 1313 1093 1386 quamquam
1121 1288 1278 1362 verbum
1306 1290 1473 1366 ἐσπλεῖν
1502 1287 1613 1361 aoris-

474 1426 566 1502 tum‚
595 1427 636 1485 ut
662 1411 716 1485 ita
742 1411 877 1498 dicam,
906 1409 1071 1507 praefert
1093 1409 1312 1507 imperfecto
1326 1410 1367 1506 ¹),
1391 1425 1517 1484 tamen
1541 1409 1614 1482 hoc

474 1532 556 1608 loco
595 1533 854 1631 imperfectum
892 1547 1091 1630 usurpatur
1128 1532 1177 1606 ad
1208 1557 1326 1608 naves
1354 1530 1455 1606 nullo
1485 1531 1614 1607 ordine

473 1670 624 1753 portum
651 1656 832 1730 intrantes
859 1655 1136 1729 describendas.

531 1798 592 1873 75,
628 1803 641 1851 1
674 1783 696 1864 η’
721 1777 898 1871 οἷνοίοταας
920 1777 986 1869 ’ἤδη
1010 1786 1067 1856 τοῦ
1086 1773 1326 1883 στρατεύματος
1341 1820 1394 1832 -
1408 1781 1613 1882 ἐγίγνετοε

475 1901 657 1975 exercitus
707 1899 889 1999 profectio
939 1899 1047 1974 nobis
1095 1913 1410 1998 repraesentatur,
1459 1901 1616 1999 ejusque

475 2038 668 2098 momenta
703 2021 851 2121 singula
888 2022 925 2096 in
963 2023 1006 2096 iis
1042 2047 1141 2120 quae
1175 2038 1382 2121 sequuntur
1412 2022 1527 2097 fusius
1554 2024 1615 2098 de-

475 2145 702 2240 scribuntur3
727 2146 863 2220 eodem
887 2145 1002 2220 modo
1023 2143 1281 2242 imperfectum
1305 2147 1491 2249 ἐγίγνετο
1515 2146 1616 2221 adhi-

477 2269 595 2344 bitum
623 2283 681 2344 est
708 2269 762 2343 VI
793 2292 854 2363 30,
890 2293 921 2342 1.

529 2393 577 2467 ib.
615 2393 638 2488 §
665 2411 685 2487 7
721 2389 769 2485 οἷς
804 2435 856 2446 -
884 2390 1005 2495 ξυνέβη
1035 2433 1086 2445 -
1114 2389 1189 2470 uiuri
1224 2387 1324 2495 εὐχῆς
1360 2394 1420 2470 και1
1454 2387 1615 2487 παιοῖνων,

474 2509 545 2617 μεθ’
567 2508 611 2593 ὧν
636 2514 842 2607 ἐξέπλεον,
864 2509 963 2591 πάλιν
979 2509 1100 2590 τούτων
1113 2523 1179 2605 τοῖς
1194 2515 1347 2606 ἐναντίοις
1361 2515 1615 2619 ἐπιφημίσμασιν

475 2635 706 2740 οἷοορμοῖσθαιι
750 2660 817 2733 pro
859 2634 1077 2732 imperfecto
1120 2635 1298 2709 aoristum
1340 2652 1616 2734 exspectamus,

477 2757 566 2854 quia
604 2758 737 2832 Latine
768 2755 1001 2855 plqpfectum
1030 2758 1284 2832 adhibendum
1312 2757 1408 2834 foret
1441 2759 1618 2856 ‚profecti

475 2879 629 2974 erant'’;
679 2895 808 2954 tamen
855 2879 1114 2978 imperfectum
1162 2895 1380 2979 usurpatum
1429 2897 1499 2975 est,
1541 2909 1618 2980 quo

476 3001 608 3077 animis
644 3000 824 3077 lectorum
854 3002 935 3098 ipsa
962 3000 1144 3099 profectio
1172 3002 1384 3100 magnifica,
1413 3029 1513 3103 quae
1539 3019 1617 3080 tam

476 3121 576 3199 male
603 3138 780 3219 verterat,
810 3138 1165 3221 repraesentaretur.

529 3246 618 3320 VIII
658 3272 720 3342 94,
761 3271 781 3342 3
821 3250 878 3327 καὶ
915 3251 945 3326 οἱ
979 3245 1038 3351 μὲν
1075 3250 1108 3341 ἐς
1143 3242 1203 3340 τὰς
1230 3245 1397 3354 παρούσας
1425 3258 1507 3344 ναῦς
1534 3249 1618 3330 ε’σέ-

475 3375 643 3474 βαινον,
680 3373 711 3449 οἱ
747 3369 783 3448 δὲ
817 3365 927 3463 ἄλλας
963 3375 1208 3463 καθεῖλκον,
1235 3373 1266 3449 οἱ
1301 3371 1344 3450 δέ
1374 3401 1456 3465 τινες
1492 3374 1541 3452 ἐπὶ
1576 3368 1619 3452 τοὶ

474 3498 566 3597 τείχη
604 3537 656 3548 —-
692 3494 1003 3597 παρεβοήθοννε
1053 3491 1279 3590 imperfectis
1327 3493 1429 3568 cives
1471 3494 1618 3571 diversa

476 3639 631 3690 munera
659 3613 767 3690 simul
795 3615 979 3690 obeuntes
1007 3614 1133 3689 vivide
1161 3614 1423 3714 depinguntur.

529 3736 645 3811 Verbi
668 3733 833 3817 τοίοοειν
857 3738 1014 3836 ejusque
1037 3738 1332 3834 compositorum
1347 3738 1617 3837 imperfectum,

476 3859 687 3956 ubicunque
713 3859 883 3953 occurrit,
907 3875 966 3934 est
989 3860 1265 3957 descriptivum.
1304 3861 1420 3934 Verbi
1445 3861 1619 3961 simplicis

476 3981 579 4078 impf.
610 3981 712 4055 hisee
739 3997 885 4056 tantum
913 3980 1004 4057 locis
1032 3983 1210 4057 occurrit:
1242 3984 1293 4056 III
1330 4003 1414 4079 107,
1448 4008 1468 4078 3
1498 3983 1619 4064 ἕτοέσ-

476 4134 596 4183 σοντο
619 4103 791 4210 ἀμφότεροι
812 4108 856 4197 ὡς
878 4107 910 4198 ἐς
930 4101 1068 4210 μοῖχηνε
1094 4105 1197 4203 impf.
1223 4106 1315 4181 aciei
1340 4107 1617 4181 instructionem

477 4227 586 4301 nobis
621 4242 899 4324 repraesentat3
931 4226 1095 4302 similiter
1124 4229 1176 4303 IV
1207 4255 1269 4325 93,
1306 4255 1320 4304 1
1355 4233 1387 4329 (ὁ
1415 4233 1618 4336 Παγώνδας)

476 4348 633 4429 ξ’τασοέ
666 4382 698 4427 τε
735 4357 792 4428 καὶ
820 4346 1073 4457 παρεσκευάζετο
1102 4355 1146 4443 ὡς
1174 4353 1206 4446 ἐς
1232 4350 1372 4458 μοίχηνς
1401 4353 1471 4427 VII
1503 4372 1563 4450 74,
1596 4378 1615 4426 2

481 4526 627 4556 4-—

518 4627 544 4696 1)
563 4628 595 4677 de
615 4644 667 4693 qua
685 4643 713 4678 re
732 4627 849 4692 pluribus
868 4626 967 4692 infra§
1003 4641 1028 4690 4.
