3770 5662
997 573 1046 646 50

448 771 474 844 εἰ
500 768 663 870 ἐβουλήθη
692 765 840 864 (θησαν)
855 795 896 822 --
912 762 942 837 si
964 763 1143 839 voluisset
1164 765 1339 863 (·issent);
1365 790 1461 861 quos
1474 765 1587 863 igitur

449 886 553 962 locos
580 887 638 962 hic
667 912 743 962 non
770 887 884 962 [usius
911 887 1165 961 tractabimus.
1197 887 1331 961 Restat
1354 901 1394 960 ut
1419 887 1587 962 dicamus

450 1010 497 1084 de
533 1011 681 1085 duobus
716 1008 867 1108 reliquis
902 1007 1004 1098 locis,
1042 1010 1105 1107 qui
1142 1025 1228 1083 sunt
1263 1009 1320 1082 hi:
1356 1010 1370 1081 Ι
1401 1033 1462 1103 34,
1496 1035 1514 1082 2
1546 1014 1589 1102 ὡς

451 1131 487 1211 θὲ
514 1135 651 1218 ῆθίκουν
679 1133 778 1237 σαρές
805 1135 907 1211 ἐστιν·
935 1131 1169 1236 προκληθέντες
1197 1126 1262 1236 γὰρ
1288 1133 1356 1234 περὶ
1385 1127 1589 1237 Ἐπιδάμνου

451 1256 482 1347 ἐς
518 1260 620 1360 κρίσιν
654 1254 783 1358 πολέμῳ
818 1260 948 1358 μᾶλλον
984 1253 1006 1337 θ
1044 1268 1088 1362 τῷ
1125 1261 1181 1358 ἴσῳ
1218 1254 1512 1358 ἐβουλήθησαν
1548 1249 1590 1333 roi

451 1377 649 1479 ἐγκλήματα
684 1382 865 1480 μετελθεῖν;
894 1401 972 1451 aor.
1003 1391 1060 1449 est
1088 1375 1335 1451 constativus:
1365 1391 1589 1475 argumento

452 1514 510 1574 est
533 1499 655 1598 quod
678 1496 927 1573 voluerunt
949 1514 1032 1587 etc„
1057 1498 1094 1571 id
1118 1498 1220 1596 quod
1244 1498 1312 1595 ipsi
1336 1524 1433 1572 nunc
1456 1499 1589 1574 vestris

453 1620 568 1696 oculis
608 1621 753 1696 videtis,
798 1620 930 1696 Altero
971 1619 1056 1695 loco
1098 1620 1132 1692 ΙΙ
1175 1645 1237 1714 42,
1281 1645 1307 1714 4
1348 1620 1507 1696 Pericles
1543 1622 1591 1696 de

454 1743 607 1824 mortuis
628 1769 723 1841 quos
743 1741 960 1818 laudatione
974 1741 1139 1817 celebrat
1159 1742 1266 1816 dicit:
1295 1745 1592 1846 ἐβουλήθησαν

453 1863 521 1970 μετ’
550 1862 649 1944 αιἰτοῦ
677 1866 713 1963 (i.
731 1891 764 1940 e.
792 1875 849 1944 τοῦ
876 1862 1043 1964 κινθθνου)
1070 1862 1145 1958 τοὺς
1172 1863 1232 1970 μὲν
1260 1871 1467 1970 τιμωρεῖσθαι
1495 1872 1591 1960 κτλ.;

453 1990 513 2063 hic
541 2013 693 2086 quoque
720 2014 799 2062 aor.
829 2003 886 2063 est
914 1987 1164 2063 constativus:
1195 1988 1218 2060 ii
1247 2014 1404 2087 quorum
1433 2015 1593 2089 corpora

454 2113 513 2186 hic
532 2112 697 2211 jacentia
710 2111 845 2185 videtis
867 2109 1122 2186 voluerunt
1146 2127 1231 2202 etc.,
1251 2112 1288 2185 id
1304 2113 1406 2211 quod
1420 2112 1594 2186 omnibus

455 2235 562 2309 vobis
591 2258 709 2331 nuper
736 2233 914 2308 accidisse
941 2248 1072 2308 notum
1100 2248 1157 2307 est
1186 2233 1245 2330 (cs.
1276 2260 1371 2308 aorr.
1403 2235 1465 2333 qui
1488 2260 1594 2333 prae-

456 2358 594 2433 cedunt
635 2359 853 2458 ἐμαλακιόθη,
897 2356 1071 2460 ἀναβολὴν
1100 2400 1152 2411 -
1180 2358 1352 2442 ἐποιῆσατο
1394 2373 1432 2431 et
1472 2358 1496 2430 ii
1531 2357 1594 2456 qui
1678 2387 1683 2396 ·

457 2494 661 2578 sequuntur
697 2475 825 2584 ἔφυγον,
857 2478 1041 2582 ὑπέμειναν,
1082 2477 1337 2585 ἀπηλλάγησαν,
1374 2480 1437 2578 qui
1467 2479 1594 2554 aoristi

457 2628 589 2678 omnes
630 2615 715 2675 sunt
756 2601 979 2708 constativi).
1019 2601 1225 2676 Infinitivus
1262 2627 1340 2676 aor.
1380 2603 1532 2677 omnino
1573 2627 1591 2674 2

457 2725 633 2800 occurrit:
662 2722 752 2797 VIII
782 2730 844 2817 46,
881 2748 894 2797 1
927 2725 1062 2830 παρῄνει
1090 2723 1127 2802 θθ
1154 2731 1211 2803 καὶ
1239 2739 1283 2832 τῷ
1311 2725 1512 2835 Τισσαφέρνη
1543 2725 1594 2829 μὴ

459 2845 546 2954 ἄγαν
562 2850 736 2952 ἐπείγεσθαι
751 2849 906 2925 θιαλῦσαι
920 2846 975 2924 τὸν
989 2846 1143 2949 πόλεμον,
1158 2845 1246 2950 μηδὲ
1268 2851 1529 2952 βουληθῆναι
1545 2891 1595 2903 -

457 2980 523 3063 τοῖς
552 2966 661 3061 αὐτοῖς
686 2981 745 3061 τῆς
772 3001 804 3046 τε
823 2982 887 3072 γῆς
910 2974 968 3046 καὶ
988 2982 1047 3062 τῆς
1070 2967 1239 3062 θαλοίσσης
1262 2968 1297 3046 τθ
1321 2965 1438 3074 κροίτος
1463 2973 1596 3064 θοῦναι;

459 3093 597 3168 aoristo
648 3088 823 3165 voluntas
872 3116 986 3187 quam
1035 3091 1197 3166 maxime
1238 3091 1470 3166 diminuitur:
1519 3119 1597 3188 „ne

458 3212 694 3291 tantillum
732 3213 917 3311 quidem
944 3211 1092 3288 vellet
1120 3214 1217 3289 etc.''
1248 3213 1320 3312 (Ex
1349 3212 1519 3289 Classeni
1547 3216 1597 3288 in·

459 3337 727 3436 terpretatione
746 3362 809 3430 „er
823 3345 948 3409 mtisse
962 3361 1031 3434 gar
1046 3337 1146 3410 nicht
1165 3364 1215 3410 zu
1240 3337 1339 3410 dem
1363 3337 1599 3413 Wunsche

459 3463 669 3536 kommen
679 3458 700 3487 ”
727 3484 911 3558 apparere
925 3458 1071 3532 videtur
1085 3457 1185 3532 illum
1201 3460 1380 3534 aoristum
1395 3467 1597 3565 βουληθῆναι

461 3585 635 3659 habuisse
671 3608 740 3681 pro
777 3582 996 3681 ingressiv0,
1035 3608 1133 3680 quae
1170 3583 1438 3681 interpretatio,
1470 3610 1598 3682 quam·

461 3733 575 3806 quam
613 3730 688 3780 non
725 3704 777 3779 ita
805 3703 962 3779 multum
991 3730 1014 3778 a
1042 3730 1127 3779 mea
1156 3704 1291 3793 differt,
1321 3722 1448 3780 tamen
1477 3708 1598 3780 minus

456 3830 559 3928 justa
597 3827 685 3901 mihi
723 3826 896 3924 videtur.)
933 3824 1066 3901 Altero
1104 3825 1188 3902 loco
1227 3853 1302 3926 quo
1337 3827 1437 3902 infin.
1472 3829 1598 3903 aoristi

463 3951 620 4027 occurrit
648 3949 753 4048 (VIII
787 3956 849 4044 56,
883 3974 903 4044 3
933 3952 1026 4027 δοκεῖ
1050 3949 1090 4028 θέ
1106 3983 1163 4053 μοι
1191 3957 1248 4029 καὶ
1277 3958 1296 4026 ὁ
1325 3952 1543 4055 Τισσαφέρνης
1565 3952 1600 4028 τὸ

463 4071 542 4153 αὐτὸ
570 4074 849 4179 βουληθῆναι)
879 4070 989 4146 solito
1019 4097 1123 4146 more
1147 4071 1327 4147 infinitivo
1352 4074 1478 4148 aoristi
1502 4073 1600 4148 actio

463 4193 663 4294 praeterita
692 4193 886 4268 indicatur.

518 4317 642 4391 Etiam
679 4319 825 4391 verba
861 4316 1118 4392 affectuum
1154 4344 1251 4416 quae
1288 4320 1457 4394 dicuntur
1492 4346 1599 4394 suum

464 4442 587 4516 locum
624 4439 765 4514 habent
801 4441 896 4514 inter
933 4465 980 4514 ea
1006 4441 1123 4515 verba
1152 4467 1250 4538 quae
1277 4440 1401 4538 plures
1429 4467 1601 4538 praesen·

464 4565 558 4638 ticas
594 4587 708 4658 quam
744 4561 936 4637 aoristicas
966 4562 1107 4638 formas
1135 4563 1333 4659 exhibent;
1362 4564 1475 4639 animi
1503 4566 1602 4640 enim
