3726 5656
1017 593 1176 658 10,

472 781 678 881 designatru
710 796 874 880 tempore
906 786 1098 881 praeterito
1130 785 1289 884 ponitur3
1319 785 1361 859 cs.
1387 785 1421 858 V
1457 790 1515 876 16,
1550 785 1612 882 1¹)

471 903 577 991 ἐπειδὴ
614 903 650 983 δὲ
688 907 748 984 κατ’
780 911 801 992 n‘
830 908 862 983 ἐν
891 902 1076 1011 Ἀμφιπόλει
1104 903 1192 995 ἧσσα
1218 917 1284 1001 τοῖς
1313 904 1501 1000 Ἀθηναίοις
1528 909 1614 1012 ἐγε-

471 1026 619 1129 γένητο
644 1034 701 1104 καὶ
725 1029 942 1114 ἐτεθνήκει
965 1030 1075 1109 Κλέων
1090 1053 1122 1108 τε
1137 1033 1193 1108 καὶ
1209 1034 1374 1133 Βρασίδας
1389 1055 1485 1127 quae
1499 1030 1613 1104 verba

472 1147 521 1221 sic
553 1148 815 1247 interpretanda
849 1166 949 1224 sunt:
986 1178 1068 1226 cum
1102 1169 1139 1227 et
1172 1152 1408 1226 Athenienses
1438 1178 1484 1226 ea
1510 1150 1613 1226 clade

473 1296 582 1368 quam
628 1272 724 1369 apud
764 1273 994 1371 Amphipolin
1035 1290 1248 1372 acceperant
1288 1274 1535 1348 afflictarentur
1575 1287 1614 1348 et

472 1391 609 1468 Cleone
645 1395 863 1493 Brasidaque
899 1397 1044 1470 mortuis
1079 1396 1237 1470 acerrimi
1267 1396 1366 1493 pacis
1393 1396 1613 1470 dissuasores

471 1516 679 1590 auctoritate
712 1542 778 1590 sua
806 1519 883 1616 jam
917 1518 965 1592 uti
998 1543 1068 1591 non
1102 1534 1249 1616 possent
1282 1533 1349 1592 etc.
1381 1519 1613 1592 Enuntiatum

471 1654 631 1712 nostrum
653 1664 724 1713 non
746 1640 839 1714 saeta
862 1655 1038 1715 memorat
1059 1641 1125 1734 sed
1146 1655 1279 1715 statum
1301 1641 1431 1714 indicat
1453 1640 1514 1737 qui
1530 1655 1613 1715 tunc

472 1786 518 1835 ex
539 1761 578 1834 iis
602 1786 698 1859 quae
721 1777 828 1837 antea
850 1763 944 1836 sacta
963 1779 1063 1838 erant
1081 1765 1259 1838 exstabat.
1282 1763 1412 1858 Quod
1434 1763 1490 1836 ad
1511 1779 1612 1838 tem-

472 1883 593 1980 poris
616 1884 751 1983 igitur
773 1885 999 1960 notionem
1021 1887 1185 1961 attinet
1203 1884 1611 1983 plusquamperfec-

471 2019 561 2079 tum
593 2005 708 2079 idem
742 2003 864 2081 valet
899 2009 1019 2104 quod
1052 2008 1377 2106 imperfectum,
1408 2033 1481 2106 quo
1508 2007 1548 2082 fit
1575 2021 1614 2081 ut

472 2151 584 2224 saepe
598 2123 700 2226 juxta
716 2126 880 2228 legantur
897 2128 1281 2228 plusquamperfectum
1300 2145 1337 2203 et
1353 2128 1611 2228 imperfectum,

473 2276 504 2324 e.
525 2278 563 2350 g.
589 2251 617 2322 ll
643 2252 701 2343 18,
727 2275 745 2324 2
769 2257 791 2338 ἦ
807 2237 985 2358 γάρὸίνέη
1010 2255 1271 2358 ἐτετείχιστο
1296 2255 1352 2330 καὶ
1369 2249 1457 2360 αὐτῷ
1472 2258 1611 2356 φρουρίῳ
1646 2251 1648 2256 ’

473 2377 502 2452 οἱ
526 2369 694 2464 Ἀθηναῖοι
716 2376 894 2479 ἐχρῶντο
918 2375 988 2449 ie.
1013 2375 1255 2449 Oenoe'enim
1277 2375 1362 2447 urbs
1377 2374 1508 2447 munita
1522 2389 1611 2464 erat,

472 2494 506 2580 in
540 2519 613 2590 qua
644 2494 882 2570 Athenienses
907 2497 1083 2594 praesidia
1110 2496 1333 2570 collocabant
1360 2510 1426 2570 etc.
1457 2494 1613 2569 Omnino

473 2616 672 2691 cavendum
704 2633 760 2692 est
789 2642 835 2692 ne
865 2618 1044 2692 Graecum
1071 2617 1356 2717 plusqupsectum
1383 2618 1614 2720 confundatur

473 2765 554 2813 curn
581 2736 829 2837 plusqupsecto
856 2741 994 2832 Latin0,
1024 2742 1133 2838 quod,
1163 2758 1339 2838 quatenus
1366 2765 1503 2815 meram
1525 2739 1612 2814 tela·
1699 2775 1702 2779 ·

473 2861 605 2936 tionem
628 2860 874 2960 temporalem,
901 2889 996 2960 quae
1016 2863 1103 2938 inter
1121 2864 1212 2937 duas
1230 2863 1387 2937 actiones
1405 2861 1614 2961 praeteritas

474 2983 665 3076 intercedit,
688 2984 870 3084 significat,
896 2984 1036 3059 Graece
1059 2985 1134 3058 sive
1156 2985 1287 3059 aoristo
1310 2985 1385 3058 sive
1406 2983 1613 3082 imperfecto

474 3106 694 3204 exprimitur3
723 3107 769 3182 de
797 3133 870 3204 qua
895 3133 935 3182 re
962 3107 1047 3182 inira
1074 3107 1241 3205 pluribus.

528 3231 566 3302 ln
599 3231 669 3303 hoc
701 3230 804 3330 igitur
836 3230 953 3305 libello
980 3232 1027 3304 de
1054 3231 1173 3304 formis
1199 3229 1396 3328 persecticis
1422 3230 1614 3304 verborum

475 3377 545 3425 non
585 3379 696 3453 agam
732 3353 794 3426 nisi
829 3354 889 3426 ubi
924 3353 1006 3428 utile
1042 3354 1215 3428 videbitur
1250 3354 1494 3427 demonstrare
1531 3353 1615 3449 quid

474 3473 606 3548 intersit
637 3475 726 3548 inter
759 3475 891 3548 formas
924 3476 1164 3572 praesenticas
1196 3491 1233 3549 et
1260 3475 1439 3549 aoristicas
1466 3475 1514 3548 ab
1543 3499 1614 3548 una

475 3612 577 3693 parte
604 3612 641 3670 et
668 3597 800 3669 formas
826 3596 1036 3693 periecticas
1062 3598 1111 3670 ab
1138 3595 1250 3671 altera
1276 3612 1389 3695 parte.

530 3718 676 3792 Genera
710 3719 854 3793 actionis
892 3745 986 3816 quae
1018 3720 1176 3794 themate
1210 3719 1406 3816 praesentis
1433 3734 1470 3792 et
1496 3718 1614 3792 aoristi

474 3841 667 3916 indicantur
690 3841 725 3914 in
749 3843 952 3915 universum
974 3857 1072 3916 recte
1095 3841 1245 3916 distinxit
1273 3841 1413 3915 Curtius
1439 3856 1477 3915 et
1500 3865 1522 3914 a
1541 3838 1614 3939 ple·

474 3964 593 4062 risque
606 3965 685 4038 vin's
698 3965 812 4039 doctis
827 3965 885 4061 qui
900 3981 983 4061 post
997 3991 1079 4038 eum
1093 3980 1299 4061 temporum
1309 3989 1410 4038 usum
1420 3978 1612 4040 tractarunt

476 4087 629 4161 definitio
645 4114 755 4185 quam
770 4088 953 4184 proposuit
966 4088 1170 4185 approbata
1184 4104 1250 4162 est.
1262 4088 1404 4160 Tamen
1415 4086 1614 4160 cavendum

478 4227 535 4284 est
547 4235 593 4284 ne
609 4208 702 4284 male
716 4208 950 4309 intelligantur
964 4235 1073 4284 voces
1094 4209 1295 4304 „dauemd”
1308 4224 1345 4282 et
1361 4205 1613 4302 „eintretend'’.

516 4530 541 4598 1)
560 4530 624 4580 Loci
658 4547 673 4580 a
706 4547 748 4581 me
781 4530 879 4580 laudati
912 4528 1025 4580 auctoris
1058 4529 1165 4580 nomine
1201 4544 1254 4581 nou
1289 4527 1379 4580 addito
1413 4543 1427 4578 e
1460 4526 1615 4595 Thucydide

472 4617 627 4687 deprompti
647 4624 714 4670 sunt.
