3770 5662
827 576 899 645 119

285 763 345 840 hie
381 787 465 839 esse
498 790 605 838 usum
637 763 761 839 dicere
789 766 1006 863 poterimus,
1038 781 1078 840 ut
1105 765 1332 864 significaret
1359 766 1431 840 hac

292 887 342 961 de
378 911 419 961 re
455 887 578 961 adhuc
606 885 747 985 aliquid
776 887 964 987 adjectum
992 888 1045 980 iri,
1075 885 1177 985 quod
1206 887 1344 962 sactum
1372 901 1431 962 est

286 1009 335 1084 ib.
381 1011 404 1105 ἓ
449 1034 468 1082 2
513 1016 571 1088 καί
613 1008 860 1090 ἀπέστειλαν
901 1008 962 1114 μὲν
1003 1005 1197 1114 Ἀντιφῶντα
1231 1018 1316 1103 κτλ.,
1355 1035 1432 1107 quo

286 1132 427 1208 aoristo
454 1133 619 1206 narratio
647 1133 696 1207 de
722 1131 858 1231 legatis
886 1133 1007 1207 missis
1034 1131 1254 1207 absolvitur.

339 1253 513 1329 Similiter
552 1254 631 1330 fere
672 1254 737 1327 Vll
780 1279 837 1350 19,
876 1277 896 1348 3
935 1255 1038 1352 impl.
1077 1252 1228 1351 legitur:
1268 1258 1296 1334 οἱ
1331 1249 1363 1332 δ’
1399 1257 1432 1333 ἐν

287 1378 522 1480 Πελοποννήσῳ
571 1374 822 1457 ἀπέστελλον
873 1379 942 1482 περί
980 1377 1036 1455 τὸν
1079 1373 1178 1456 οάιτόν
1218 1377 1337 1484 χρόνον
1379 1417 1431 1432 -·

285 1495 362 1593 τοὺς
397 1505 531 1592 ὁπλίτας
566 1501 598 1594 ἐς
624 1499 683 1587 τὴν
711 1505 882 1595 Σικελίανς
912 1515 1115 1598 postquam
1144 1499 1259 1574 fusius
1286 1525 1428 1576 memo

288 1638 412 1698 ratum
433 1637 497 1696 est
525 1637 617 1720 quot
646 1621 780 1698 milites
808 1647 831 1696 a
860 1621 994 1719 quibus
1022 1623 1197 1720 gentibus
1224 1622 1324 1696 missi
1345 1621 1430 1714 sint,

287 1745 325 1819 in
352 1744 396 1819 iis
423 1769 523 1844 quae
550 1760 756 1843 sequuntur
784 1746 821 1844 (ξ
851 1748 892 1844 4)
911 1744 1051 1820 aoristo
1075 1743 1231 1819 militum
1251 1739 1432 1843 profectio

289 1867 500 1943 nuntiatur:
539 1855 624 1946 οὗτοι
658 1866 718 1972 μὲν
754 1853 812 1946 οὖν
850 1911 901 1924 -
938 1870 970 1960 ἐς
1006 1868 1042 1945 τὸ
1078 1868 1223 1972 πελαγος
1260 1865 1433 1971 ἀφεῖσαν

289 1989 414 2088 (codd.
450 1987 606 2095 ἀφῆκανς
642 2015 735 2064 corr.
776 1989 930 2088 Herm).
970 1991 1081 2085 Quae
1108 1990 1165 2063 vis
1194 1990 1320 2064 aoristi
1349 2013 1433 2063 con-

289 2113 429 2188 stativa
475 2112 589 2187 etiam
640 2112 737 2187 inest
787 2112 927 2187 aoristo
979 2113 1041 2212 qui
1090 2112 1227 2187 deinde
1276 2111 1432 2210 legitur:

289 2235 537 2315 ἀπέστειλαν
578 2233 615 2314 dl
655 2241 713 2314 καὶ
753 2232 918 2315 Σικνῶνιοι
960 2239 1148 2328 διακοσίους
1183 2241 1318 2327 ὁπλίτας
1359 2240 1434 2313 κτλ.

292 2357 351 2433 Cf.
392 2357 457 2430 Vll
497 2380 558 2451 20,
600 2381 620 2430 2
660 2363 718 2437 καί
753 2357 808 2435 τίν
847 2357 1035 2462 Δημοσθένη
1063 2359 1095 2449 ἐς
1120 2355 1180 2445 τὴν
1208 2361 1355 2436 Σικελίαν
1383 2397 1435 2412 -·-

292 2478 543 2563 ἀπέστελλον
580 2486 674 2558 κτλε
711 2479 814 2578 impl.
854 2496 1062 2578 usurpatur,
1092 2480 1180 2578 quia
1207 2479 1435 2555 enumeratis

291 2603 407 2701 copiis
448 2628 546 2701 quae
588 2602 857 2678 Demosthenis
893 2604 1050 2702 imperio
1086 2618 1174 2678 sunt
1210 2601 1434 2679 commissae

290 2727 372 2826 ipsa
407 2725 560 2801 demum
588 2725 769 2825 profectio
798 2726 988 2802 nuntiatur
1015 2729 1052 2825 (ξ
1084 2729 1139 2826 gl:
1171 2729 1232 2806 κατ’
1258 2725 1364 2832 ὁμὲν
1394 2739 1432 2805 Δ.

292 2851 324 2942 ἐς
350 2847 410 2936 τὴν
437 2857 574 2953 Αἴγιναν
601 2843 824 2954 προσπλεύσας
847 2857 919 2928 κτλ.
946 2849 1089 2925 Contra
1110 2850 1158 2925 ib.
1184 2851 1208 2946 ξ
1238 2874 1251 2923 1
1281 2849 1433 2924 navium

293 2969 419 3045 missio
458 2967 673 3069 simpliciter
709 2971 898 3047 nuntiatur
934 2972 1093 3047 aoristo:
1129 2975 1159 3051 oi
1194 2967 1355 3062 Ἀθηναῖοι
1383 3014 1436 3028 -

293 3097 362 3199 περί
386 3123 419 3170 τε
447 3092 694 3182 Πελοπόννησον
722 3102 804 3186 ναῦς
830 3092 1006 3200 τριοίκοντα
1033 3091 1225 3175 ἔστειλαν
1254 3100 1326 3172 κτλ.
1357 3093 1435 3192 (qui

295 3214 453 3291 aoristus
487 3214 684 3290 adhibetur
720 3216 833 3290 etiam
872 3216 906 3289 ll
945 3222 1006 3311 69,
1051 3241 1089 3310 13
1119 3215 1172 3290 lll
1204 3219 1265 3308 86,
1302 3240 1342 3310 13
1373 3239 1436 3309 91,

301 3361 333 3412 1.
370 3337 539 3412 Verbum
565 3336 724 3437 simplex
752 3338 892 3419 στέλλειν
919 3337 1008 3413 alibi
1034 3338 1137 3437 apud
1164 3353 1332 3414 nostrum
1360 3362 1436 3412 non

296 3459 479 3559 occurrit).

351 3582 439 3656 Hoc
489 3608 642 3681 quoque
689 3583 948 3683 imperfectum
996 3583 1220 3658 attentivum
1261 3581 1435 3657 dixerim:

298 3703 347 3780 III
391 3729 475 3800 103,
522 3730 535 3779 1
577 3705 803 3812 προσέβαλλον
817 3705 856 3806 1),
893 3711 951 3784 καὶ
985 3710 1030 3800 ὡς
1066 3702 1126 3784 οίικ
1157 3700 1314 3786 ἐδύναντο
1341 3710 1435 3798 ελείν,

297 3825 479 3936 ἀπῇσαν.
507 3825 624 3903 Verbi
653 3827 822 3909 ἀπιέναι
850 3844 1004 3927 propter
1032 3827 1108 3903 vim
1131 3841 1438 3902 momentaneam

296 3949 378 4051 ejus
405 3950 508 4048 quod
536 3966 593 4025 est
619 3950 782 4046 „abire'’‚
813 3949 1054 4047 „decedere”‚
1079 3950 1183 4050 impl.
1207 3949 1337 4048 paucis
1359 3965 1439 4024 tan

296 4087 377 4147 tum
408 4070 499 4146 locis
526 4073 626 4172 (ὃν)
655 4089 864 4172 usurpatur,
894 4100 978 4149 cum
1006 4072 1081 4148 ind.
1112 4097 1190 4148 aor.
1223 4076 1271 4167 38
1300 4071 1439 4147 inveni·

300 4205 488 4224 ,κῃ-...-
1441 4190 1450 4222 l

336 4257 363 4325 1)
379 4257 423 4310 Sic
440 4255 545 4325 (impl.)
561 4263 630 4308 recte
648 4255 754 4307 Hudius
772 4271 832 4306 cum
849 4255 926 4307 codd.
945 4255 1066 4324 optimis;
1084 4255 1122 4307 St.
1140 4269 1199 4306 cum
1214 4253 1292 4306 codd.
1307 4253 1440 4306 deteriori·

297 4344 347 4396 bus
365 4344 432 4412 legit
449 4340 605 4407 προσέβαλον
623 4341 710 4411 (aon).
730 4341 771 4393 Ci.
790 4342 857 4393 inira
874 4342 888 4410 5
906 4351 949 4409 25.
1431 4337 1432 4340 ’

333 4431 363 4499 2)
381 4432 450 4484 Nem
472 4432 511 4482 1v
537 4442 580 4498 39,
605 4445 621 4482 2
646 4446 701 4481 nou
724 4427 837 4496 ἀπῇσαν
860 4430 933 4496 quod
957 4445 1048 4481 omnes
1065 4429 1143 4482 codd.
1161 4429 1297 4496 exhibent,
1315 4428 1363 4480 sed
1379 4443 1440 4479 eum

299 4518 402 4571 Cobeto
425 4525 452 4572 et
475 4519 620 4571 editoribus
644 4518 835 4571 recentioribus
859 4513 973 4573 ἀπῆσαν
996 4518 1139 4586 legendum
1165 4523 1206 4570 est
1228 4515 1274 4585 (de
1299 4532 1352 4584 qus
1370 4531 1398 4570 re
1415 4513 1451 4568 ci.

302 4621 364 4660 ann.
382 4607 420 4661 st.
438 4606 473 4660 ad
489 4604 597 4675 locum).
