3770 5662
976 569 1049 638 114

441 762 502 852 ἐπί,
541 761 585 853 ἐς,
626 757 704 864 πρός
745 756 902 857 adjectis
942 757 998 832 vis
1040 756 1196 854 petitiva
1237 756 1508 854 (‚‚eonten'dere
1545 754 1583 828 in

443 880 624 980 oppidum
660 879 740 954 sive
777 877 971 954 castellum
1004 877 1083 952 sive
1112 876 1281 976 hostes”)
1309 877 1418 970 inest,
1447 901 1585 973 nempe

443 1004 545 1078 hisce
581 1001 693 1078 Iocis:
732 1002 747 1076 I
788 1008 850 1096 62,
885 1026 931 1095 43
971 1001 1003 1074 II
1044 1025 1079 1098 3,
1118 1025 1162 1096 4,
1193 1003 1254 1088 81,
1287 1025 1332 1094 ο,
1364 1000 1416 1074 IV
1448 1024 1509 1094 31,
1546 1024 1586 1092 ν,

448 1149 509 1223 54ν
554 1153 595 1220 13
639 1120 1587 1219 129,33130‚43V61,33VI94,3;VII

447 1275 511 1346 43,
551 1276 591 1344 23
630 1272 690 1345 52,
726 1274 767 1342 13
796 1248 888 1321 VIII
918 1271 980 1341 92,
1012 1252 1053 1340 6,
1084 1270 1146 1340 94,
1179 1271 1212 1341 3.
1243 1244 1446 1321 Translato
1474 1269 1587 1318 seusu

447 1374 549 1473 irupi.
592 1372 790 1448 adhibetur
818 1371 884 1446 III
929 1374 990 1466 83,
1037 1395 1058 1466 3
1099 1375 1269 1474 τολμηρῶς
1309 1369 1389 1474 πρὸς
1426 1361 1469 1446 τοὶ
1511 1362 1590 1471 ἔργα

449 1493 633 1600 ἐχώρουν
688 1493 889 1589 ,ουάοοτον
938 1516 1055 1590 opera
1105 1488 1448 1590 aggrediebantur”
1499 1489 1590 1585 (quo

450 1617 628 1715 impfecto
656 1613 765 1690 simul
791 1614 890 1690 actio
919 1614 1052 1690 iterata
1080 1613 1311 1713 designatur)
1340 1627 1379 1688 et
1408 1611 1496 1685 VIII
1525 1635 1589 1704 92,

457 1763 504 1816 10
541 1738 677 1814 eodem
714 1737 830 1814 modo
866 1740 896 1816 οἱ
922 1735 959 1822 δὲ
986 1743 1113 1816 ὁπλῖται
1141 1737 1265 1840 ὁμόσε
1292 1769 1324 1815 τε
1352 1734 1533 1842 ἐχώρουν
1562 1735 1592 1812 οἱ

451 1867 589 1941 πλεῖστοι
616 1874 662 1968 τῷ
689 1855 769 1964 ἔργῳ
799 1865 871 1938 κτλ.

506 1983 622 2060 Porro
659 1980 882 2080 imperfectis
916 1979 1078 2078 petitivis
1105 1979 1389 2055 annumeranda
1417 1992 1502 2052 sunt
1530 1977 1593 2050 im·

453 2105 617 2205 perfecta
667 2128 796 2178 eorum
847 2103 1047 2178 verborum
1090 2127 1188 2200 quae
1230 2101 1441 2198 significant
1488 2125 1593 2195 „cum

454 2227 573 2302 classe
609 2227 787 2302 adversus
821 2225 950 2302 hostes
985 2223 1213 2323 navigare‘’:
1243 2227 1450 2318 ἐπιπλεῖν,
1480 2222 1594 2303 durr-

454 2357 637 2442 πιπλεῖν,
665 2344 993 2454 οἷντονοίγεσθοοι.

511 2472 627 2548 Verbi
649 2473 835 2551 ἐπιπλεῖν
857 2496 902 2546 ea
927 2496 1040 2569 quam
1061 2471 1176 2544 modo
1191 2469 1266 2544 dixi
1280 2468 1554 2568 significatione
1567 2470 1595 2568 l)

455 2593 559 2693 impf.
596 2592 733 2692 legitur
769 2593 870 2671 hisce
907 2591 1017 2667 Iocis:
1053 2592 1067 2664 I
1106 2609 1253 2688 30,·4;
1285 2614 1349 2688 50,
1380 2617 1423 2687 3,
1455 2612 1518 2686 51,
1550 2616 1594 2686 ο,

442 2714 1595 2818 1190‚1;III76‚1379,3;VII22‚1340,3360‚

460 2863 504 2934 3,
533 2837 614 2912 VIII
645 2843 703 2930 16,
739 2862 872 2932 1342,
908 2858 1035 2931 1395,
1060 2861 1097 2930 4.
1123 2837 1212 2932 Quo
1236 2835 1349 2911 etiam
1373 2836 1597 2910 trahendum

458 2976 517 3035 est
553 2959 809 3058 imperfectum
847 2961 1043 3039 ἐπίπλουν
1081 2959 1213 3056 (ους)
1251 2960 1468 3038 ἐποιοῦντο
1496 2957 1598 3056 quod

459 3081 615 3159 occurrit
642 3083 686 3156 III
715 3086 777 3177 78,
809 3105 852 3176 ν,
881 3081 932 3155 Ν
965 3097 1025 3174 ιι,
1056 3106 1096 3176 3,
1127 3081 1206 3154 VIII
1235 3103 1297 3176 30,
1329 3106 1371 3175 ο,
1403 3083 1465 3176 38,
1496 3103 1531 3176 3.

452 3273 457 3284 ,
513 3204 740 3280 Indicativus
776 3203 902 3280 aoristi
940 3204 1088 3280 duobus
1116 3202 1208 3279 locis
1234 3203 1272 3278 in
1300 3203 1474 3280 omuibus
1502 3202 1599 3278 codi-

460 3328 564 3402 cibus
600 3324 755 3425 legitur:
796 3326 812 3399 I
851 3346 913 3420 52,
958 3349 972 3398 1
1013 3329 1050 3405 αἱ
1076 3321 1218 3404 Ἀττικαὶ
1246 3321 1420 3431 τριοίκοντα
1446 3337 1521 3418 νῆες
1548 3367 1600 3382 ·-

460 3451 719 3530 ἐπέπλευσαν
747 3449 795 3528 ἐπὶ
821 3447 877 3526 τὸν
904 3449 937 3527 ἐν
959 3457 1025 3544 τοῖς
1040 3447 1192 3553 Συβέτοις
1206 3449 1325 3554 λιμένα
1339 3491 1391 3506 -··
1406 3447 1601 3553 βουλόμενοι

461 3572 577 3653 εἰδέναι
608 3577 634 3653 εἰ
660 3571 936 3676 νουμαχῆσουσιν
957 3572 1002 3670 (οἱ
1025 3573 1210 3677 Κορίνθιοι),
1234 3597 1310 3670 quo
1334 3568 1422 3646 loco
1443 3570 1603 3646 aoristus

461 3693 630 3774 adhiberi
666 3693 824 3787 videtur,
863 3693 952 3791 quia
986 3693 1043 3768 vis
1079 3692 1235 3790 petitiva
1272 3718 1347 3768 non
1383 3693 1600 3792 requiritur3

462 3818 627 3916 impetus
657 3816 756 3891 euim
792 3815 851 3890 hic
889 3841 965 3890 non
1000 3814 1239 3914 significatur,
1278 3815 1392 3890 fiatne
1421 3813 1602 3914 proelium

464 3965 582 4018 necne
610 3939 733 4014 adhuc
761 3938 799 4013 in
826 3938 968 4013 incerto
996 3953 1064 4014 est.
1094 3937 1204 4013 Alter
1230 3935 1335 4014 Iocus
1362 3953 1420 4013 est
1440 3938 1513 4011 VII
1541 3961 1602 4033 34,

467 4085 487 4157 3
524 4065 552 4141 οἱ
585 4060 621 4141 δὲ
651 4057 812 4153 Ἀθηναῖοι
841 4104 894 4116 -
922 4061 1174 4142 ἐπέπλευσαν
1202 4065 1325 4156 αὐτοῖς,
1353 4062 1416 4137 ubi
1445 4061 1603 4136 aoristus

464 4199 675 4282 usurpatur,
726 4183 906 4282 quoniam
955 4182 1073 4258 levius
1119 4199 1310 4260 certamen
1352 4183 1411 4258 hic
1451 4182 1605 4258 strictim

504 4506 530 4574 ι)
558 4522 618 4557 cum
641 4521 694 4573 qua
716 4505 791 4560 verbi
817 4503 932 4558 ἰπνπλοῖν
956 4504 1065 4556 notione
1091 4520 1146 4556 uon
1170 4511 1209 4558 est
1229 4505 1419 4560 contundenda
1433 4517 1549 4573 eaquae
1568 4509 1608 4557 est

470 4593 515 4661 „in
534 4593 615 4646 classe
633 4589 752 4662 adesse'',
772 4590 805 4643 de
823 4607 875 4656 qua
894 4590 997 4658 egimus
1016 4590 1126 4658 supra§
1148 4605 1158 4642 1
1180 4608 1207 4659 p.
1226 4601 1270 4658 35.
