3726 5656
966 575 1014 645 42

426 781 633 856 occurrunt,
689 765 763 840 ind.
821 791 898 842 aot.
954 764 1215 860 tantummodo
1270 765 1560 864 compositorum

425 889 635 998 αἷπείργειν
663 905 702 964 et
729 896 982 995 κατείργειν,
1005 888 1196 986 utriusque
1210 885 1339 977 semel,
1354 889 1559 963 invenitur:

426 1013 480 1087 IV
511 1034 571 1109 37,
608 1038 621 1086 1
650 1008 794 1092 ἔπαυσαν
817 1010 877 1100 τὴν
900 1007 1017 1116 μάχην
1034 1013 1093 1090 καί
1104 1008 1179 1104 τοὺς
1200 1016 1323 1090 ἑαυτῶν
1339 1010 1486 1116 ’νίπεῖρξ
1494 1040 1560 1100 αν,

426 1163 501 1235 quo
528 1135 614 1210 loco
643 1136 802 1210 aoristus
829 1134 878 1210 ad
906 1135 1093 1208 actionem
1114 1148 1420 1208 momentaneam
1442 1133 1562 1231 desig*

425 1260 588 1333 nandam
630 1275 828 1356 usurpatur
862 1257 1032 1362 (νίπεῖρξαν
1069 1256 1146 1330 sere
1183 1257 1283 1330 idem
1320 1255 1423 1331 valet
1460 1255 1562 1354 quod

423 1379 589 1462 ἕπανσανε
632 1382 677 1457 cl.
720 1397 851 1455 contra
887 1379 1146 1478 imperfectum
1183 1380 1219 1453 in
1256 1377 1341 1453 loco
1379 1379 1411 1453 lI
1446 1401 1508 1474 53,
1537 1403 1562 1471 4

424 1511 502 1583 θεῶν
537 1502 573 1582 δὲ
610 1503 710 1610 φόβας
743 1503 764 1586 ἢ
795 1501 970 1603 ἀνθρώπων
998 1501 1098 1606 νόμος
1125 1499 1229 1596 οὐδεὶς
1257 1501 1429 1607 ἀπεῖργε
1459 1501 1562 1600 quod

423 1626 525 1724 impl.
565 1625 817 1700 conditionem
855 1624 990 1698 diutius
1019 1623 1275 1699 continuatam
1304 1624 1478 1723 indicat);
1508 1622 1562 1697 IV

425 1769 489 1844 47,
530 1773 549 1843 3
588 1748 835 1855 παραλαβόντες
871 1747 907 1827 δὲ
945 1744 1063 1840 αὐτοὺς
1100 1750 1130 1826 οἱ
1158 1757 1348 1852 Κερκυραῖοι
1378 1749 1409 1839 ἐς
1437 1755 1564 1849 νίκημα

425 1879 514 1978 μέγα
559 1879 785 1978 κατεῖρξαν
834 1868 1117 1966 „incluserunt'',
1159 1869 1222 1967 qui
1264 1869 1422 1943 aoristus
1464 1868 1564 1943 idem

425 1992 527 2069 valet
568 1995 671 2092 quod
713 1994 870 2068 aoristus
912 1991 1022 2099 εἷρξαν
1063 1993 1098 2066 in
1136 1990 1220 2067 loco
1259 2017 1372 2090 supra
1409 1990 1564 2067 laudato

425 2116 515 2189 VIII
555 2141 617 2210 92,
654 2140 691 2210 4.
728 2115 839 2214 (Cum
877 2114 1034 2213 Steupio
1069 2131 1108 2189 et
1138 2113 1267 2189 Hudio
1295 2113 1466 2189 codicum
1494 2112 1564 2190 lec·

321 2221 322 2226 Ἰ
425 2241 566 2314 tionem
604 2245 789 2345 καθεῖρξαν
826 2239 1046 2313 mutandam
1081 2238 1207 2312 censui
1235 2237 1271 2311 in
1301 2245 1487 2342 κατεῖρξαν
1517 2237 1565 2314 de

427 2389 502 2462 qua
525 2362 746 2460 quaestione
766 2360 810 2437 cs.
837 2387 922 2437 ann.
948 2360 1002 2436 St.
1019 2363 1045 2461 1)
1069 2361 1118 2435 ad
1141 2375 1309 2435 nostrum
1332 2359 1484 2457 locum.)

481 2485 784 2582 Compositorum
826 2488 866 2562 δι
903 2529 955 2538 -
983 2499 1022 2559 et
1062 2487 1261 2590 ἐξείργειν
1302 2481 1564 2558 tantummodo

427 2608 684 2706 praesenticae
726 2607 880 2697 formae,
922 2607 959 2680 in
1002 2607 1135 2706 quibus
1151 2645 1155 2654 ·
1174 2633 1296 2705 pauca
1333 2606 1562 2704 imperfecta,

426 2746 634 2806 occurrunt.

479 2853 595 2929 Verbi
646 2854 938 2932 ἐναντιοῦσθαι
986 2850 1132 2951 aliquot
1172 2852 1264 2928 locis
1305 2852 1565 2952 imperfectum

428 2975 576 3075 legitur,
606 2976 680 3051 ind.
711 3002 789 3052 aor.
820 3001 895 3051 non
925 2976 1092 3052 occurrit.

480 3099 595 3174 Verbi
630 3104 917 3204 ἰσχυρίζεσθαι
952 3099 1229 3198 („pertinaeiter
1258 3099 1295 3173 in
1325 3099 1459 3175 eadem
1485 3122 1565 3172 sen·

428 3223 547 3298 tentia
583 3221 777 3314 haerere’',
821 3224 909 3317 „mit
933 3222 1162 3297 Nachdruck
1189 3222 1333 3297 woraul
1356 3219 1564 3296 bestehen‘'

428 3344 484 3420 Cl.
528 3345 577 3419 ad
617 3344 688 3418 Vll
731 3369 794 3439 49,
839 3347 872 3442 1)
909 3344 1026 3419 semel
1060 3345 1271 3444 iterumque
1307 3343 1565 3442 imperfectum

427 3467 595 3560 occurrit,
623 3467 698 3542 ind.
729 3493 806 3542 aor.
838 3493 912 3542 non
941 3466 1088 3565 legitur.

480 3590 655 3665 Similiter
697 3592 951 3689 praesenticas
989 3590 1128 3664 formas
1163 3591 1341 3665 aoristicis
1376 3589 1565 3688 praeferre

429 3714 712 3814 quodammodo
740 3713 811 3787 dici
839 3729 996 3812 possunt
1019 3728 1065 3788 ea
1092 3714 1210 3787 verba
1233 3739 1331 3812 quae
1355 3712 1566 3810 significant

434 3852 604 3932 „mente
646 3836 875 3936 agitare'‘,
925 3836 1155 3934 „putare’‘‚
1189 3837 1366 3931 „animo
1406 3837 1567 3910 obver-

427 3957 543 4035 sari'’
596 3958 657 4033 vel
710 3958 828 4032 simile
870 3959 971 4056 quid,
1015 3959 1103 4057 quia
1144 3958 1366 4057 plerumque
1409 3959 1565 4062 agitatio

427 4082 562 4158 mentis
577 4080 806 4179 aliquamdiu
817 4081 1034 4157 continuata
1043 4082 1267 4181 depingitur.
1283 4082 1369 4156 Huc
1379 4083 1567 4181 pertinent

308 4303 314 4312 Ι
428 4207 522 4280 haee
570 4206 707 4280 verba:
759 4205 927 4300 α’ξιοῦν,
976 4209 1258 4298 διανοεῖσθαι,
1302 4208 1566 4301 ἐπίστασθαι,

428 4334 638 4435 ἡγεῖσθαι,
676 4335 888 4434 νομίζειν,
934 4335 1107 4423 οἴεσθαι,
1137 4335 1376 4434 φαίνεσθαι,
1406 4333 1566 4409 δακεῖν.

430 4513 577 4525 -ι

468 4621 494 4690 1)
512 4623 561 4673 Per
575 4620 674 4673 litteras
691 4621 734 4672 St.
744 4621 842 4687 ubique
852 4620 913 4672 volo
930 4620 1122 4688 Steupium,
1138 4621 1566 4689 perlitterasCl.Classenum.
