3726 5656
841 618 882 667 11

343 807 424 904 lpse
454 805 596 881 Curtius
622 805 719 880 haud
746 807 831 881 satis
858 807 1084 905 perspicuam
1107 807 1279 906 judicavit
1304 832 1434 881 vocem

296 928 535 1022 ,eintretend''
557 929 605 1028 ad
624 929 883 1029 designandam
902 930 1078 1004 actionem
1093 931 1304 1020 aoristicam,
1320 953 1435 1027 quare

290 1076 373 1124 eam
412 1077 542 1125 vocem
585 1052 691 1124 fusius
724 1050 912 1149 explicavit
945 1053 978 1125 in
1013 1051 1329 1149 Explanationibus
1360 1051 1433 1125 suis

291 1172 639 1272 (,Erlauterungen”
675 1199 711 1270 p.
750 1176 816 1248 181
856 1177 969 1272 sqq.),
1006 1174 1068 1246 ubi
1095 1189 1248 1270 apparet
1275 1173 1435 1247 Curtium

289 1320 380 1369 voce
410 1295 651 1388 ,cintretende
675 1294 893 1394 Handlung'’
919 1294 1107 1392 complecti
1127 1294 1278 1369 voluisse
1296 1293 1352 1369 illa
1369 1298 1435 1371 tria

289 1417 492 1515 principalia
528 1418 645 1492 aoristi
683 1444 830 1518 genera,
868 1420 1081 1493 aoristum
1118 1419 1433 1518 ingressivum,

290 1539 567 1630 effectivum,
597 1541 953 1638 constativum1),
981 1567 1076 1638 quae
1098 1542 1241 1615 nomina
1264 1542 1348 1640 quid
1369 1541 1436 1615 sibi

290 1660 397 1736 velint
423 1688 517 1736 nunc
545 1663 739 1737 videamus.

342 1777 506 1858 Adristus
528 1785 809 1884 ingressivus
832 1785 1005 1885 significat
1022 1786 1167 1861 actionis
1184 1785 1325 1878 initium,
1345 1811 1378 1860 e.
1393 1814 1430 1886 g.

290 1904 326 1976 V
363 1930 410 1997 92
448 1914 505 1984 καὶ
542 1921 609 1999 πῶς
636 1905 800 2011 χρήσιμόν
829 1906 870 1986 ἂν
898 1913 1047 2011 ξνμβαίη
1076 1914 1156 2011 ἡμῖν
1185 1911 1433 2006 δουλεῦσαι,

183 2087 190 2094 .
290 2025 392 2129 ὥσπερ
406 2036 462 2106 καὶ
477 2030 555 2132 ὑμῖν
580 2024 706 2134 ἄρξαι
718 2057 730 2131 3
744 2029 764 2102 i.
782 2055 816 2103 e.
834 2055 977 2122 ,servos
991 2029 1103 2120 fieri'’,
1124 2030 1307 2124 ,dominos
1320 2029 1430 2105 fieri’.

343 2149 434 2223 Huic
470 2151 603 2224 aoristo
638 2151 822 2247 oppositus
849 2167 905 2224 est
931 2152 1081 2226 aoristus
1109 2152 1348 2226 effectivus
1375 2153 1435 2249 qui
1529 2183 1532 2189 ·

225 2324 230 2332 -
289 2271 418 2346 indicat
444 2271 563 2363 finem,
593 2289 761 2346 eventum
788 2273 947 2366 actionis,
976 2299 1062 2374 eg.
1094 2274 1145 2346 lV
1178 2298 1262 2365 129,
1292 2297 1317 2366 4
1345 2272 1433 2352 κατὰ

291 2391 434 2499 α’τραπόν
453 2426 526 2472 τινα
544 2403 601 2474 τοῦ
619 2394 718 2498 λόφου
736 2394 927 2499 πειρώμενος
944 2401 1126 2500 προσβῆναι
1142 2439 1193 2449 -
1208 2392 1268 2473 οὐκ
1282 2397 1432 2486 ἐδυνήθη

290 2511 541 2620 βιάσασθαι
559 2516 580 2590 i.
605 2542 637 2589 e.
667 2533 726 2610 ,ut
747 2533 993 2614 perrumperet
1013 2516 1044 2590 ei
1058 2542 1129 2590 non
1143 2515 1323 2617 contigit''.
1340 2516 1434 2590 Cum

290 2637 573 2735 praepositiones
610 2635 683 2716 dmi
711 2654 748 2712 et
781 2637 891 2716 κατά
922 2638 955 2711 in
984 2639 1101 2712 verbis
1129 2638 1334 2736 compositis
1360 2637 1432 2736 ple-

289 2785 439 2857 rumque
462 2760 658 2860 significent
681 2760 859 2834 actionem
881 2761 982 2834 verbi
1003 2786 1117 2859 usque
1136 2761 1183 2835 ad
1202 2761 1308 2834 finem
1328 2760 1433 2835 abso-

289 2881 411 2973 lutam,
454 2883 570 2956 aoristi
611 2883 737 2955 horum
778 2883 1057 2979 compositorum
1101 2881 1312 2980 plerumque
1352 2897 1435 2955 sunt

290 3005 452 3096 effectivi,
482 3031 514 3080 e.
530 3033 568 3104 g.
594 3005 637 3077 Ill
666 3028 791 3097 111,4
816 3005 966 3108 διέφυγον
990 3008 1022 3097 ἐς
1045 3005 1103 3108 τὴν
1128 3001 1289 3109 Ἀγραΐδα
1320 3030 1432 3098 ,con-

290 3128 467 3228 fugerunt,
495 3125 775 3234 perfugeruntf’3
804 3127 819 3199 I
848 3148 972 3221 105,3
1001 3123 1043 3206 td
1073 3123 1105 3206 δ’
1134 3123 1223 3228 ἄκρα
1249 3141 1308 3220 τῆς
1335 3141 1433 3232 Γερα-

289 3258 375 3342 νείας
403 3235 608 3353 zardapa
645 3247 921 3346 ,occuparunt”.
938 3250 965 3345 ⁹)

343 3371 489 3446 Aoristo
514 3371 776 3445 constativo
799 3372 828 3443 is
851 3371 911 3467 qui
933 3370 1085 3467 loquitur
1107 3372 1355 3445 tantummodo
1377 3397 1432 3445 ac·

290 3494 421 3568 tionem
449 3518 531 3566 esse
553 3493 685 3566 saetam
707 3492 847 3582 indicat,
872 3507 1055 3566 momenta
1078 3493 1224 3566 actionis
1246 3492 1433 3592 singularia

291 3614 511 3690 audientibus
537 3639 608 3688 non
636 3613 779 3706 evolvit,
805 3615 904 3712 quod
926 3615 955 3688 si
977 3615 1094 3688 facere
1117 3612 1202 3705 vult,
1225 3613 1432 3711 imperfecto

329 3845 355 3912 1)
373 3845 459 3908 Quam
473 3859 566 3906 ,vocem
581 3859 740 3908 quamquam
757 3843 853 3892 Latino
870 3858 989 3893 sermone
1007 3847 1178 3908 repugnante,
1188 3848 1217 3892 nt
1227 3857 1305 3908 quam
1315 3842 1433 3906 proxime

287 3932 323 3982 ad
350 3932 475 3982 terminos
502 3930 677 3994 grammaticis
700 3929 779 3980 hodie
804 3929 943 3979 familiares
969 3929 1099 3995 accedam,
1124 3943 1248 3993 usurpare
1271 3928 1325 3978 fere
1344 3943 1431 3993 cogor.

255 4070 262 4078 ,
290 4019 379 4070 Minus
401 4019 552 4068 abhorreret
571 4033 587 4066 a
602 4016 753 4083 Latinitate,
770 4016 861 4082 fateor,
878 4015 1004 4065 terminus
1021 4016 1148 4080 „acrisius
1164 4013 1441 4065 constitutivus”

212 4155 217 4162 ,
289 4107 345 4156 sive
360 4102 600 4155 nuntiativus''
616 4102 662 4169 (cf.
678 4105 751 4154 locus
768 4103 904 4153 Gellianus
920 4103 966 4167 qui
981 4102 1128 4152 laudabitur
1143 4101 1231 4168 infra),
1241 4101 1288 4151 sed
1297 4117 1388 4152 vereor
1398 4117 1431 4152 ne

290 4192 417 4258 ejusmodi
435 4206 512 4241 voces
531 4192 642 4241 lectores
662 4191 790 4255 quosdam
808 4190 836 4239 in
856 4205 967 4239 errorem
986 4189 1109 4239 inducere
1129 4188 1240 4254 possint.

326 4277 355 4345 2)
374 4279 415 4328 De
434 4277 649 4344 praepositionum
665 4277 692 4326 vi
710 4276 852 4342 perfectiva
868 4276 920 4326 vid.
937 4276 1039 4341 Herbig
1055 4275 1101 4325 l.l.
1119 4291 1144 4339 p.
1162 4283 1316 4343 222-2‘343
1328 4276 1432 4340 Brugm.

291 4367 335 4416 Gr.
357 4365 420 4415 Gr.³
439 4364 453 4431 ᾗ
470 4373 535 4431 5423
554 4364 659 4414 Curtius
674 4364 773 4414 Erl'aut.
790 4379 817 4428 p.
837 4363 886 4426 176
900 4364 932 4430 f.;
943 4363 975 4412 E.
985 4363 1079 4412 Purdie
1089 4362 1145 4412 The
1156 4361 1296 4427 perfective
1308 4361 1432 4413 Aktions·

291 4460 329 4503 art
353 4452 381 4501 in
404 4451 539 4517 PolybiuS,
562 4451 583 4500 I.
595 4451 625 4500 F.
650 4451 689 4499 IX
713 4449 808 4518 (1898)
828 4467 855 4515 p.
879 4451 1018 4517 63-1533
1044 4451 1078 4501 H.
1098 4450 1211 4516 Meltzer,
1228 4449 1432 4499 Vermeintliche

286 4538 517 4602 Persektivierung
545 4537 626 4588 durch
654 4537 860 4602 prapositiouale
887 4539 1150 4604 Zusammensetzung
1173 4537 1209 4586 im
1235 4536 1433 4606 Griechisehen,

291 4627 311 4678 1.
323 4625 352 4674 F.
372 4625 422 4673 xn
442 4622 537 4694 (1901)
557 4640 583 4691 p.
600 4635 755 4692 ,319—372.
