3726 5656
823 602 847 669 9

238 783 244 790 ’
314 791 452 866 Curtius
473 791 650 865 constinrit
671 817 798 865 omnes
821 791 999 866 formasa
1021 789 1216 888 praesentis
1240 789 1403 866 themate

259 914 437 988 derivatas
473 917 658 1010 (praesens
693 914 799 1014 igitur
826 929 864 987 et
891 913 1159 1011 imperfectum),
1189 938 1279 1011 quas
1306 929 1402 1012 post·

260 1038 330 1110 hac
365 1036 532 1108 formas
566 1037 876 1134 praesenticas
906 1034 1177 1134 appellabimus,
1207 1035 1403 1136 significare

266 1159 355 1254 „die
376 1159 603 1233 dauernde
623 1157 1060 1259 Handlung'';¹formas
1080 1183 1206 1233 omnes
1219 1159 1267 1234 ab
1282 1159 1402 1235 aoristi

261 1283 421 1356 themate
461 1280 650 1372 derivatas,
691 1307 784 1379 quas
820 1281 988 1356 formas
1024 1281 1267 1356 aoristicas
1299 1307 1403 1358 voca·

260 1404 388 1493 bimus,
418 1402 614 1503 significare
648 1404 738 1497 „die
765 1405 1050 1478 eintretende
1077 1403 1403 1504 Handlung’'¹);

261 1552 387 1601 omnes
413 1551 501 1599 vero
528 1527 662 1599 formas
688 1551 711 1600 a
737 1527 884 1624 perfecti
909 1527 1070 1601 themate
1099 1527 1292 1618 derivatas,
1315 1549 1405 1624 quas

261 1650 425 1722 {ormas
447 1647 1003 1744 persecticasnominabimus‚
1019 1649 1170 1723 indicare
1191 1648 1281 1744 „die
1302 1645 1404 1722 voll-

261 1772 423 1846 endete
457 1769 732 1869 Handlung”.
771 1771 864 1844 Cum
893 1771 940 1844 de
967 1771 1162 1868 persecticis
1190 1770 1310 1844 sormis
1334 1795 1404 1845 non

261 1894 323 1968 nisi
345 1892 459 1967 obiter
481 1893 590 1966 acturi
613 1893 733 1984 simus,
757 1894 812 1967 hic
834 1919 981 1968 monere
1004 1895 1088 1968 satis
1112 1893 1289 1968 habemus
1313 1917 1405 1968 nunc

262 2019 350 2092 inter
377 2040 502 2088 omnes
529 2015 602 2088 fere
625 2030 788 2090 constare
815 2017 1019 2114 persecto
1047 2016 1296 2116 significari
1323 2029 1404 2090 sta·

261 2155 349 2213 tum
377 2139 474 2210 sive
497 2137 799 2211 conditionem
822 2164 935 2235 quae
959 2140 1013 2212 ab
1038 2164 1089 2212 eo
1115 2137 1187 2235 qui
1209 2136 1406 2236 loquitur

262 2287 313 2335 eo
349 2259 564 2357 temporis
602 2275 830 2334 momento
867 2287 954 2357 quo
990 2259 1191 2359 loquitur
1227 2273 1405 2334 exstare

262 2382 445 2482 fingitur
471 2396 517 2455 ut
543 2393 731 2457 eventus'
759 2383 948 2456 actionis
967 2385 1056 2483 jam
1079 2408 1188 2457 nunc
1209 2397 1404 2480 praeter·

261 2507 369 2595 itae,
404 2501 501 2578 velut
528 2502 604 2582 11.n
638 2526 708 2598 135
740 2508 844 2610 δοῦρα
871 2506 1019 2596 σέσηπε
1048 2506 1068 2579 i.
1086 2530 1118 2580 e.
1148 2503 1270 2578 trabes
1296 2529 1406 2578 nunc

262 2643 383 2726 putres
409 2642 500 2716 sunt,
530 2628 590 2724 qui
615 2627 808 2724 putredinis
833 2643 946 2701 status
973 2654 995 2702 e
1021 2625 1276 2725 putrefactione
1303 2651 1405 2723 prae·

262 2749 364 2824 terita
390 2764 492 2822 natus
520 2764 596 2842 est3
618 2749 730 2824 Thuc.
754 2750 818 2822 VII
844 2774 902 2840 12,
933 2751 1212 2853 turnippoeor
1235 2747 1271 2826 δὲ
1295 2751 1351 2826 καὶ
1375 2751 1406 2842 ἐς

264 2871 507 2961 Πελοπόννησον
534 2873 681 2977 πρέσβεις
705 2869 751 2950 ἐπ’
779 2868 887 2962 ἄλλην
916 2869 1068 2980 στρατιάν
1097 2872 1116 2946 i.
1135 2897 1166 2946 e.
1193 2870 1407 2970 Syracusani

264 3021 310 3068 eo
344 3019 490 3091 quoque
524 2995 628 3067 nobis
661 2995 862 3092 superiores
897 3011 978 3070 sunt
1013 2995 1112 3092 quod
1146 3019 1270 3069 eorum
1298 2991 1407 3094 legati

264 3143 380 3191 nunc
407 3114 691 3214 Peloponnesum
718 3133 875 3215 petunt
898 3119 946 3192 ad
972 3143 1086 3193 novos
1109 3116 1234 3192 milites
1255 3115 1406 3190 scriben-

265 3239 340 3313 dos,
365 3238 497 3333 ¹Quod
519 3240 574 3313 ad
596 3241 815 3338 temporis
837 3241 972 3340 igitur
994 3241 1220 3315 notionem
1242 3238 1407 3313 attinet

265 3362 516 3460 perfectum
550 3362 664 3436 idern
696 3361 819 3437 valet
846 3388 896 3437 ac
923 3387 1157 3460 praesens,
1186 3361 1285 3461 quod
1311 3357 1406 3435 lucu·

264 3483 375 3557 lenter
393 3497 547 3581 apparet
569 3508 614 3557 ex
637 3484 676 3557 iis
700 3510 797 3581 quae
820 3483 983 3585 leguntur
1001 3486 1047 3559 ib.
1068 3487 1091 3582 ἓ
1112 3510 1152 3579 3:
1179 3493 1250 3562 νῦν
1274 3478 1306 3562 δ’
1316 3493 1356 3561 αι’
1375 3512 1406 3560 τε

265 3619 338 3700 νῆες
359 3603 536 3712 διάβροχοι
560 3608 623 3704 (sc.
646 3609 737 3705 εἰσίν)
759 3653 811 3662 -
833 3615 889 3686 καὶ
910 3603 952 3686 τὰ
972 3607 1183 3711 πληρώματα
1201 3603 1406 3711 ἔφθαρται

265 3729 286 3802 i.
303 3755 335 3803 e.
356 3729 434 3827 jam
456 3753 582 3824 parum
606 3728 750 3803 militum
774 3731 876 3803 nobis
898 3755 1008 3803 nunc
1032 3744 1110 3803 est.
1134 3729 1269 3802 Contra
1288 3753 1319 3802 c.
1347 3749 1405 3822 13,

262 3877 304 3942 ·2,
340 3851 400 3924 ubi
433 3866 591 3924 narratur
625 3852 810 3948 quomodo
843 3852 973 3926 sactum
1008 3851 1051 3925 sit
1085 3866 1123 3925 ut
1156 3874 1291 3950 magna
1323 3873 1408 3947 pars

267 3971 412 4048 militum
445 3988 608 4069 tempore
641 3974 832 4070 praeterito
866 3973 1017 4072 perierit,
1049 3973 1181 4046 aoristo
1207 3970 1305 4045 locus
1331 3985 1405 4045 est:

266 4092 308 4174 roi
335 4094 371 4174 δὲ
398 4094 605 4198 πληρώματα
632 4091 689 4173 διὰ
718 4096 792 4173 τόδε
820 4093 985 4200 ἐφθάρη
1014 4102 1085 4173 κτλ.

267 4273 270 4279 ,
320 4216 772 4315 Plusquampersecto
798 4218 827 4291 is
853 4233 967 4292 status
995 4218 1054 4315 qui
1081 4216 1225 4315 perfecti
1246 4218 1409 4292 themate

269 4445 464 4456 ———--

307 4615 333 4683 ι)
351 4615 411 4679 Qua
428 4629 492 4665 voce
509 4613 563 4679 jam
578 4615 727 4681 Kmegerus
741 4630 804 4665 usus
819 4621 873 4666 erat
889 4615 918 4665 in
933 4630 979 4666 sua
996 4613 1100 4665 Griech.
1116 4613 1234 4681 Sprachl.
1250 4613 1269 4665 f.
1285 4613 1407 4666 Schulen.
