3770 5662
807 597 875 648 121

264 797 308 885 ὧς
357 786 403 870 ἐπ’
447 786 564 898 ἆγαθῷ
613 785 704 875 ἥκων
752 783 794 866 οὐ
835 791 955 867 πείθω
1003 785 1252 882 „persuadere
1293 785 1405 859 vobis

265 912 437 1014 quamvis
464 910 614 985 conanti
643 909 731 983 mihi
759 934 834 983 non
863 907 1119 1007 contingere‘'.

320 1033 515 1110 Passivum
558 1033 650 1131 (ὡς)
691 1029 765 1111 οὐκ
802 1032 971 1109 ἐπείθετο
1007 1031 1187 1128 (-θοντο)
1226 1029 1408 1128 reperitur

268 1159 376 1249 126,
408 1178 450 1251 53
480 1155 513 1228 II
546 1179 582 1247 2,
612 1178 659 1249 4,
687 1152 723 1227 V
756 1178 816 1246 21,
850 1178 885 1247 3.

321 1281 427 1354 Idem
477 1275 579 1374 quod
628 1272 665 1355 οὐ
706 1280 863 1355 πείθεσθαι
904 1273 1007 1350 valet
1048 1271 1126 1353 οὐκ
1167 1270 1407 1368 ἐσακούειν,

268 1402 372 1502 cujus
412 1396 608 1474 locutionis
648 1397 905 1496 imperfectum
946 1412 1095 1496 praeter
1135 1396 1258 1471 locum
1293 1421 1406 1494 quem

268 1549 381 1623 supra
422 1521 574 1596 laudavi
615 1521 683 1617 (IV
732 1544 816 1610 101,
865 1522 898 1618 1)
935 1520 1121 1595 invenitur
1157 1520 1271 1595 etiam
1306 1520 1408 1593 hisce

268 1645 376 1722 locis:
405 1646 441 1719 V
473 1669 533 1732 22,
566 1669 608 1738 2,
640 1665 701 1738 50,
737 1667 778 1738 2,
807 1641 897 1715 VIII
929 1667 989 1737 32,
1022 1668 1066 1737 3,
1099 1667 1160 1737 32,
1193 1668 1236 1739 3,
1268 1646 1329 1737 38,
1358 1666 1406 1736 4,

272 1775 335 1860 86,
373 1792 397 1861 4
443 1763 550 1865 (οὐδὲν
586 1773 717 1871 μᾶλλον
755 1766 938 1864 tottam).
972 1764 1147 1840 Similiter
1173 1766 1279 1840 verbi
1307 1766 1411 1844 ὑπα-

271 1886 408 1971 κούειν
450 1889 707 1987 imperfectum
749 1888 952 1986 negatione
994 1888 1122 1962 addita
1158 1903 1359 1986 usurpatur
1394 1888 1408 1960 I

276 2038 336 2106 29,
381 2037 420 2106 2,
455 2036 540 2107 239,
572 2035 614 2105 2,
645 2011 679 2083 V
714 2034 798 2103 114,
835 2034 872 2105 13
901 2010 971 2083 VII
1008 2013 1064 2099 18,
1098 2035 1131 2084 2.
1162 2010 1278 2109 Cujus
1306 2010 1411 2085 verbi

272 2136 431 2211 aoristus
472 2159 557 2208 eum
598 2134 801 2232 negatione
844 2133 1063 2232 conjunctus
1104 2148 1209 2207 extat
1249 2147 1412 2207 tantum-

274 2259 389 2332 modo
411 2258 425 2330 I
454 2251 646 2350 26,4oid'
669 2251 874 2360 Ἐπιδάμνιοι
897 2251 1016 2333 οὐδὲν
1040 2252 1146 2334 αὐτῶν
1169 2256 1412 2341 ὑπήκουσαν

274 2381 372 2478 (aon
397 2377 737 2478 const.·complerr.;
767 2394 932 2453 ceterum
956 2377 1004 2453 de
1026 2375 1110 2452 1000
1132 2392 1321 2476 0022223220,
1341 2378 1412 2453 for-

273 2518 375 2578 tasse
397 2498 634 2600 interpolato,
662 2501 737 2575 vid.
768 2501 910 2598 Steupii
944 2500 1160 2601 „Anhang”
1190 2502 1239 2576 ad
1265 2500 1357 2598 11).

328 2625 476 2702 Eodem
513 2651 623 2700 sensu
662 2649 738 2722 quo
766 2620 827 2702 οὐκ
855 2626 988 2702 ἐπείθετο
1016 2625 1163 2699 duobus
1190 2622 1282 2698 Iocis
1310 2650 1411 2698 usur-

276 2761 386 2847 patur
413 2746 550 2822 locutio
577 2743 652 2826 οὐκ
681 2745 914 2852 ἐνεδέχετο,
946 2772 1083 2845 nempe
1112 2748 1163 2820 III
1195 2769 1256 2841 31,
1289 2771 1307 2820 2
1335 2745 1412 2826 odi

278 2867 374 2949 οὐδὲ
418 2879 523 2950 ταῦτα
574 2869 787 2975 ἐνεδέχετο
829 2870 945 2968 (quod
986 2871 1190 2969 respondet
1230 2871 1272 2945 iis
1315 2896 1414 2969 quae

160 3039 162 3044 ,
276 2991 452 3092 leguntur
488 2993 536 3068 ib.
575 2995 598 3090 ξ
642 3018 655 3067 2
688 2990 792 3097 ὁμὲν
819 3001 963 3074 τοσαῦτα
989 2990 1081 3071 εἰπὼν
1109 2990 1181 3071 οὐκ
1209 2989 1333 3072 ἔπειθε
1359 2995 1414 3072 τὸν

278 3114 450 3215 Ἀλκίδαν)
487 3131 527 3190 02
562 3115 628 3188 VII
664 3113 735 3210 49,Ι
769 3140 787 3188 2
827 3122 846 3192 ὁ
881 3113 918 3192 δὲ
945 3117 1153 3219 Δημοσθένης
1178 3117 1245 3223 περὶ
1272 3114 1332 3220 μὲν
1360 3125 1417 3195 τοῦ

279 3243 522 3346 προσκαθῆσθαι
536 3234 619 3316 οὐδ’
647 3244 834 3318 ὁπωσοῦν
855 3238 1076 3343 ἐνεδέχετο
1091 3235 1211 3337 (τούκ
1226 3236 1359 3318 ἐπείθετο
1372 3255 1416 3348 τῷ

281 3363 409 3463 Νικίᾳ).

334 3483 483 3558 Eodem
534 3483 611 3558 sere
658 3507 770 3557 sensu
819 3481 925 3557 verbi
964 3483 1274 3589 προσδέχεσθαι
1315 3486 1418 3584 impf.

283 3632 368 3680 cum
404 3603 607 3705 negatione
643 3605 881 3704 conjunctum
910 3603 1108 3680 adhibetur
1135 3607 1171 3680 V
1206 3632 1263 3701 24,
1300 3632 1313 3681 2
1347 3608 1420 3706 (τὴν

283 3731 400 3808 timida
436 3742 495 3822 τῆς
522 3726 649 3834 ditans)
677 3721 756 3836 ᾗπερ
783 3723 829 3805 οὐ
856 3728 1159 3833 προσεδέχοντο
1186 3729 1333 3836 πρότερον
1360 3725 1442 3823 τὰς’

284 3847 428 3945 σπονδαῖς
469 3851 641 3950 (,100(1223
680 3850 805 3924 Iacere
843 3850 1152 3945 recusaverant'’;
1190 3877 1421 3951 quamquam

285 3975 388 4048 notio
425 3971 605 4072 plqpfecti
643 3972 765 4047 Latini
802 3972 1008 4072 requiritur,
1047 3988 1174 4048 tamen
1203 3974 1318 4073 imps.‚
1348 4002 1423 4050 non

286 4097 457 4188 amiotus,
496 4096 694 4170 adhibetur
721 4121 797 4193 quo
825 4094 959 4169 clarius
985 4095 1042 4169 vis
1071 4097 1279 4195 paratatica
1308 4099 1425 4197 expri-

288 4223 425 4318 matur)
460 4234 500 4294 et
531 4219 606 4308 *VII
643 4221 705 4312 83,
749 4243 768 4291 2
805 4213 848 4295 οὐ
876 4219 1179 4324 προσεδέχοντο
1207 4217 1282 4312 τοὺς
1309 4221 1427 4325 λόγους

288 4342 311 4416 i.
335 4368 367 4417 e.
407 4341 576 4441 accipere
612 4340 836 4415 recusabant
872 4339 910 4414 id
938 4341 1040 4438 quod
1069 4340 1196 4415 Nicias
1223 4341 1265 4417 iis
1293 4367 1428 4440 propo·

290 4465 416 4544 nebat.
454 4464 635 4564 Ejusdem
673 4461 777 4539 verbi
813 4461 889 4536 ind.
927 4488 1005 4539 aor.
1042 4465 1245 4564 negatione
1281 4466 1428 4564 adjecta

291 4602 395 4664 extat
422 4586 684 4663 tantummodo
714 4586 767 4661 III
797 4606 861 4680 95,
894 4611 912 4659 2
943 4585 1102 4681 κοινώσας
1130 4586 1166 4666 δὲ
1194 4587 1430 4692 (Δημοσθένης)

1303 4734 1336 4788 ¹³
