3770 5662
737 540 741 546 ¹
803 589 873 660 123

323 780 619 878 Quodammodo
646 796 850 880 cognatum
878 782 962 856 huic
991 783 1071 856 usui
1099 797 1157 857 est
1183 782 1289 856 verbi
1316 814 1409 888 προ·

268 913 421 1010 χωρεῖν
459 903 715 1000 imperlectum
750 905 953 1003 negatione
990 904 1140 1004 adjecta
1176 920 1408 1002 usurpatum,

268 1027 349 1102 sive
401 1024 647 1125 personaliter
696 1025 776 1101 sive
817 1025 1125 1124 impersonaliter,
1168 1052 1214 1102 ea
1256 1027 1410 1102 notione

268 1175 368 1248 quae
395 1164 453 1225 est
486 1174 584 1244 „non
611 1147 849 1240 succedere''‚
885 1174 982 1244 „non
1010 1175 1191 1247 prospere
1219 1147 1409 1241 evenire'',

270 1297 348 1370 quo
370 1270 589 1368 imperfecto
614 1271 812 1345 conamina
830 1271 931 1345 irrita
945 1271 1046 1346 iacta
1060 1286 1408 1369 repraesentantur3

271 1393 342 1469 loci
378 1409 464 1468 sunt
491 1393 548 1468 hi:
579 1395 593 1467 l
629 1417 712 1487 109,
746 1394 946 1488 331158‚
980 1395 1104 1488 23111
1141 1398 1198 1486 18,
1234 1420 1275 1488 13
1306 1395 1342 1467 V
1371 1418 1430 1488 4,.

275 1542 318 1612 23
351 1517 405 1590 Vl
443 1539 504 1613 74,
545 1541 578 1591 2.
616 1517 758 1590 Contra
795 1516 954 1591 aoristus
988 1514 1124 1616 legitur
1160 1517 1193 1590 ll
1233 1523 1295 1612 56,
1326 1541 1351 1612 4
1378 1518 1410 1610 ές

271 1642 389 1720 ελπίδα
401 1638 462 1744 μὲν
476 1632 576 1725 ἦλθον
590 1648 647 1718 τοῦ
659 1646 753 1730 έλεῖν,
769 1636 812 1719 οὐ
826 1639 936 1744 μέντοι
963 1670 1063 1742 upon
1072 1638 1239 1746 χῶρησέ
1262 1671 1310 1745 γε,
1333 1666 1410 1738 quo

271 1763 356 1838 loco
369 1760 494 1837 infelix
509 1777 666 1836 eventus
680 1763 944 1838 tantummodo
960 1763 1148 1837 nuntiatur
1158 1763 1251 1860 (aor.
1264 1767 1409 1861 const).

327 1884 392 1958 Ad
419 1884 458 1960 id
485 1885 588 1982 quod
616 1899 673 1960 est
701 1881 738 1964 οὐ
765 1883 941 1991 προυχώρει
970 1884 1241 1985 significatione
1268 1887 1412 1962 accedit

272 2009 311 2084 id
347 2007 451 2107 quod
487 2005 622 2107 legitur
657 2008 702 2082 ΠΙ
741 2014 802 2101 26,
840 2033 865 2101 4
900 2013 944 2101 ὡς
976 2003 1007 2086 δ’
1037 2004 1159 2087 οὐδὲν
1188 2007 1412 2115 ἀπέβαινεν

273 2127 383 2224 αὐτοῖς
416 2125 461 2209 ὧν
497 2131 727 2236 προσεδέχοντο
769 2156 876 2226 „cum
913 2129 1000 2204 nihil
1038 2131 1254 2206 succederet
1290 2129 1412 2226 etc.‘';

273 2251 438 2329 similiter
476 2253 530 2326 IV
567 2277 651 2346 104,
683 2277 703 2348 3
733 2257 777 2347 ὡς
804 2248 924 2355 οὐδὲν
953 2249 1042 2360 αὐτῷ
1065 2250 1129 2332 οἷπδ
1156 2265 1220 2332 τῶν
1248 2249 1341 2332 ένδον
1369 2257 1414 2345 ὡς

273 2377 482 2482 προσεδέχετο
509 2374 750 2481 οἷπέβαινεν.

329 2500 426 2573 Cum
460 2498 504 2573 iis
537 2525 633 2596 quos
670 2499 785 2573 modo
821 2496 1058 2573 laudavimus
1094 2497 1183 2572 locis
1211 2513 1301 2596 apte
1328 2522 1413 2574 con-

275 2620 361 2696 ferri
396 2636 554 2719 possunt
590 2646 636 2696 ea
672 2647 770 2720 quae
808 2636 1004 2696 occurrunt
1042 2622 1075 2695 ll
1121 2646 1206 2714 101,
1247 2643 1266 2716 5
1305 2621 1413 2708 ἐπειδὴ

276 2741 363 2856 αὐτῷ
391 2740 512 2824 σιίδὲν
540 2740 764 2850 ἐπράσσετο
792 2740 837 2825 ὧν
862 2741 957 2825 ἕνεκα
984 2746 1117 2851 ἐσέβαλε
1145 2761 1184 2819 et
1214 2744 1267 2818 Ill
1298 2748 1360 2840 85,
1392 2767 1413 2838 3

275 2873 319 2962 ὡς
356 2863 477 2947 οὐδὲν
506 2863 615 2962 αὐτοῖς
641 2867 886 2974 ἐπράσσετο,
917 2869 1051 2966 quibus
1078 2867 1169 2944 locis
1197 2866 1415 2966 imperfecto

276 3007 434 3067 conatus
484 2991 619 3066 frustra
659 2991 813 3066 adhibiti
856 2992 1121 3090 exprimuntur.
1166 2989 1309 3064 Contra
1352 2988 1415 3062 ubi

276 3114 475 3189 conamina
515 3114 616 3188 irrita
650 3139 734 3189 esse
767 3115 866 3189 sacta
896 3113 1111 3212 simpliciter
1138 3113 1310 3189 nuntiare
1337 3109 1417 3187 vult

276 3239 444 3335 scriptor,
480 3238 620 3312 aoristo
649 3239 797 3338 (const.)
826 3238 959 3314 utitur:
988 3237 1024 3312 V
1056 3260 1117 3335 50,
1149 3259 1169 3334 5
1201 3239 1258 3316 καὶ
1286 3243 1415 3316 πολλῶν

276 3360 383 3466 λέγων
410 3360 591 3466 γενομένων
617 3357 710 3455 τέλος
738 3358 857 3441 οὐδὲν
885 3359 1085 3467 ἐπράχθη.

328 3483 444 3559 Verbi
495 3483 663 3563 διδόναι
713 3509 867 3582 quoque
917 3485 1075 3583 ejusque
1126 3482 1416 3580 compositorum

276 3607 534 3706 imperfectum
576 3607 780 3705 negatione
821 3606 999 3705 adjuncta
1013 3607 1039 3704 1)
1078 3606 1136 3680 hic
1173 3602 1244 3679 illic
1280 3602 1417 3703 signifi·

276 3746 338 3804 cat
364 3729 677 3828 repugnationem
705 3744 835 3805 contra
862 3730 1077 3804 suadentes.
1106 3727 1222 3804 Verbi
1243 3724 1419 3825 simplicis

276 3852 419 3951 imperf.
463 3852 514 3926 sic
556 3867 755 3951 usurpatur
795 3851 861 3925 VH
904 3876 965 3947 32,
1016 3877 1029 3926 1
1072 3848 1316 3956 Ἀκραγαντῖνοι
1352 3845 1418 3953 γὰρ

276 3971 354 4056 οὐκ
390 3977 589 4055 ἐδίδοσαν
628 3971 684 4054 διδ
721 3987 780 4067 τῆς
814 3980 936 4054 έαντῶν
965 3972 1043 4054 ὁδέν
1072 3975 1181 4073 (,‚per
1208 3997 1296 4047 suos
1325 3971 1419 4046 fines

277 4099 346 4172 iter
383 4098 474 4173 dare
509 4097 794 4193 recusabant’');
834 4097 914 4170 VIII
945 4100 980 4187 8,
1016 4121 1029 4170 1
1064 4091 1160 4174 οὐδὲ
1186 4091 1228 4175 roi
1255 4096 1419 4202 χρήματα

276 4225 467 4302 ἐδίδοσαν
518 4213 541 4299 δι
591 4213 690 4306 ἦλθον
732 4218 860 4327 έχοντες
903 4219 1094 4317 (‚‚tradere
1133 4215 1417 4314 recusabant'’);

278 4369 342 4439 99,
397 4369 410 4416 1
465 4348 509 4436 ὡς
554 4344 673 4448 τροφήν
716 4375 748 4421 τε
793 4340 930 4436 οὐδεὶς
971 4344 1112 4422 ἐδέδον
1166 4367 1271 4437 „cum
1307 4364 1418 4414 nemo

314 4621 341 4691 1)
359 4621 392 4672 de
410 4637 464 4688 quo
482 4620 636 4687 imperfecto
653 4619 699 4670 ubi
718 4619 823 4686 negatio
842 4634 897 4670 non
917 4625 958 4671 est
976 4618 1066 4669 addita
1082 4617 1115 4671 ci.
1135 4633 1212 4684 supra
1230 4616 1245 4684 g
1264 4625 1279 4682 5
1298 4631 1325 4683 p.
1347 4616 1391 4680 89.
