3744 5698
835 558 881 634 25

296 829 299 832 .
341 752 473 850 Atque
506 752 665 849 primum
693 751 952 850 imperfectum
980 750 1181 826 adhibetur
1209 751 1258 825 ad
1286 751 1431 828 actio·

289 901 400 949 nem
437 875 727 949 durantem
765 873 1060 970 exprimendam,
1100 874 1202 972 quod
1240 873 1431 972 imperfec-

288 1014 367 1072 tum
409 1023 478 1071 suo
521 997 672 1071 nomine
713 996 1111 1093 imperfectum
1155 997 1430 1077 durativum

288 1119 575 1195 nominabimus.
616 1118 789 1217 Exempli
826 1118 948 1218 gratia
978 1119 1095 1193 affero
1126 1119 1179 1192 III
1212 1142 1273 1214 52,
1306 1144 1326 1214 3
1356 1116 1432 1213 τοὺς

287 1249 462 1334 Πλαταιᾶς
476 1238 631 1348 ἔτρεφον
646 1245 676 1320 οἱ
690 1243 940 1327 Πελοποννήσιοι
956 1241 1082 1348 ἡμέρας
1095 1238 1197 1333 τινοίς.
1212 1240 1284 1314 Hie
1300 1241 1431 1338 imper·

291 1364 376 1439 secti
399 1390 488 1439 usus
510 1364 831 1462 frequentissimus
855 1379 923 1438 est.
949 1363 1009 1438 Sic
1030 1361 1146 1438 multa
1160 1364 1279 1438 verba
1293 1364 1431 1447 inveni·

288 1493 398 1565 untur
419 1512 578 1584 quorum
600 1486 681 1584 ipsa
705 1486 978 1583 significatione
1002 1486 1174 1561 durativa
1189 1485 1242 1575 fit,
1258 1501 1299 1560 ut
1313 1483 1432 1560 multo

289 1609 440 1706 saepius
482 1608 702 1705 imperfecta
738 1633 869 1683 eorum
906 1633 1021 1706 quam
1058 1608 1185 1682 aoristi
1222 1624 1430 1701 occurrant,

288 1728 392 1805 velut
419 1731 524 1805 verbi
552 1727 976 1835 παρασκευάζεσθαι
1000 1730 1101 1828 impt.
1131 1732 1226 1828 72¹),
1249 1731 1323 1806 ind.
1348 1757 1427 1806 aor.

290 1866 436 1926 tantum
477 1876 497 1946 3
533 1852 701 1927 occurrit.
741 1852 801 1926 Sic
833 1877 986 1950 quoque
1014 1878 1118 1928 mere
1146 1853 1432 1952 durativalsunt

288 1974 506 2072 imperfecta
543 2000 642 2071 quae
679 1990 877 2049 occurrunt
915 1974 1032 2048 iniis
1067 1975 1267 2050 enuntiatis
1303 2000 1432 2050 secun·

290 2096 412 2190 dariis,
451 2114 611 2195 quorum
649 2097 905 2195 praedicatum
943 2097 1130 2171 actionem
1166 2097 1305 2172 indicat
1332 2123 1432 2194 quae
1506 2125 1516 2136 ·

291 2244 404 2293 omne
438 2235 587 2317 tempus
622 2220 757 2295 durare
791 2219 941 2319 fingitur
969 2244 1036 2318 per
1064 2220 1167 2317 quod
1197 2220 1295 2295 actio
1318 2245 1432 2294 enun-

292 2341 370 2415 tiati
407 2341 570 2439 primarii
598 2342 750 2440 geritur,
780 2339 947 2416 velutin
976 2341 1176 2416 enuntiatis
1204 2341 1432 2417 secundariis

283 2488 393 2559 „quae
429 2463 606 2562 incipiunt
643 2490 667 2538 a
704 2464 1027 2564 conjunctionibus
1060 2462 1329 2562 temporalibus
1357 2459 1432 2558 ἕως

291 2600 329 2659 et
354 2585 497 2692 μέχρι,
527 2613 611 2660 cum
640 2586 851 2686 significant
884 2586 1163 2685 ‚,quamdiu’'.’)
1432 2591 1434 2594 ’

346 2709 443 2782 Cum
478 2710 549 2784 hac
586 2709 790 2808 imperfecti
824 2709 1098 2809 significatione
1127 2734 1230 2784 mere
1258 2708 1432 2784 durativa

291 2845 372 2905 arte
396 2831 574 2906 cohaeret
597 2832 817 2929 significatio
841 2832 1077 2908 iterativa.
1094 2832 1192 2905 Cum
1205 2831 1242 2905 in
1258 2856 1432 2906 sermone

292 2953 441 3028 Graeco
469 2952 657 3030 elementa
686 2981 780 3029 mor
788 2953 930 3053 pholo
937 2955 1046 3053 gica
1072 2955 1110 3029 vi
1132 2955 1304 3030 iterativa
1327 2979 1432 3051 prae·

291 3076 368 3151 dita
382 3078 530 3173 saepius
545 3078 696 3175 quidem
711 3078 778 3152 sed
794 3101 869 3151 non
891 3093 1167 3152 constanter
1181 3077 1230 3152 ad
1245 3077 1432 3152 actionem

291 3199 463 3274 iteratam
505 3198 779 3298 designandam
821 3199 1097 3292 adhiberentur,
1109 3201 1136 3298 ³)
1169 3198 1432 3297 syntactice

292 3321 478 3395 actionem
503 3337 673 3419 tempore
696 3323 898 3420 praeterito
912 3322 1085 3396 iteratam
1101 3321 1237 3396 Graeci
1253 3321 1433 3418 exprime-

291 3442 384 3516 bant
397 3443 636 3540 imperfect03
650 3444 753 3541 quod
766 3441 875 3519 facile
889 3458 1043 3541 propter
1057 3444 1132 3517 vim
1148 3443 1358 3516 durativam
1369 3441 1432 3515 im·

239 3547 244 3553 ¹
293 3564 447 3662 perfecti
461 3564 540 3640 fieri
555 3565 695 3663 potuit:
712 3566 832 3639 omnis
847 3566 946 3640 enim
961 3565 1057 3639 actio
1068 3565 1241 3640 durativa
1251 3564 1431 3661 quodam·

292 3687 408 3761 modo
430 3702 579 3762 constat
601 3714 623 3761 e
645 3686 800 3786 singulis
825 3687 1024 3764 momentis
1048 3687 1199 3784 saepius
1213 3686 1392 3785 repetitis.
1404 3687 1432 3785 ⁴)

295 3809 565 3907 Imperfecti
593 3809 806 3884 iterativi
835 3807 1048 3906 exemplum
1078 3823 1135 3884 est
1158 3809 1210 3882 IV
1238 3830 1299 3904 35,
1328 3807 1432 3887 αὸσοι

286 3931 352 4036 μὲν
398 3933 640 4039 ὑποχωροῦντες
682 3928 1126 4042 ἐγκατο).αμβοίνοντο,
1168 3929 1431 4040 ἀπέθνῃσκον

332 4236 360 4305 1)
375 4238 407 4287 In
424 4236 475 4287 hoc
492 4236 585 4286 libello
603 4234 709 4302 saepius,
727 4234 801 4300 quod
818 4233 861 4284 hic
880 4249 987 4299 quoque
1006 4232 1065 4300 teci,
1081 4247 1203 4282 numeros
1219 4231 1345 4282 Arabicos
1360 4230 1433 4282 adhi-

286 4314 360 4374 bebo
378 4322 413 4374 ad
431 4322 594 4388 designanda
612 4321 738 4372 adverbia
756 4319 965 4387 multiplicative.

329 4409 357 4478 α)
376 4409 418 4460 Cf.
438 4410 546 4460 Warreu
566 4409 584 4461 l.
594 4409 613 4461 1.
634 4425 661 4474 p.
682 4419 716 4472 70
734 4424 774 4473 sq.

329 4495 357 4564 3)
376 4496 409 4546 de
428 4511 524 4561 quare
544 4495 597 4546 vid.
617 4495 761 4562 Herbigius
779 4493 798 4543 1.
807 4493 826 4544 l.
845 4511 872 4561 p.
892 4501 1043 4561 215-217.

328 4582 588 4654 ommpm.
