3726 5656
806 607 850 679 31

200 795 203 800 ’
259 796 491 895 requirimus,
520 822 566 871 eo
595 796 717 894 magis
745 797 848 894 quod
876 796 1134 895 imperfectum
1162 785 1259 878 ἕπείθε
1281 798 1398 899 vulgo
1427 829 1431 836 ·

215 943 218 948 “
259 919 335 993 vim
373 920 589 993 conativam
617 919 734 993 habet
761 919 823 1016 (de
852 945 969 1018 quare
995 920 1071 994 vid.
1101 924 1239 1019 supra),
1270 937 1398 996 nostro

258 1056 386 1117 autem
414 1040 500 1116 loco
529 1067 604 1115 non
632 1041 670 1114 id
698 1041 801 1140 quod
828 1056 886 1115 est
918 1043 1168 1139 „persuadere
1191 1051 1266 1118 non
1290 1071 1418 1120 cona·¹

258 1163 393 1239 batur'’
423 1164 492 1238 sed
520 1189 616 1253 „non
642 1163 849 1261 persuasit''
876 1180 1053 1239 contextu
1077 1165 1283 1262 requiritur,
1306 1192 1399 1265 ergo

258 1282 319 1365 οὐκ
346 1283 528 1366 ἔπεισεν.
560 1289 683 1362 Recta
710 1286 908 1385 explicatio
937 1285 1156 1362 elocutionis
1182 1284 1242 1367 οὐκ
1269 1286 1399 1384 ἔπειθεν,

259 1434 359 1507 quae
400 1425 550 1508 praeter
590 1407 715 1484 locum
751 1408 946 1484 laudatum
988 1410 1101 1484 etiam
1139 1408 1282 1509 aliquot
1318 1409 1400 1486 aliis

259 1528 350 1606 locis
391 1532 561 1624 occurrit,
604 1532 700 1606 haec
739 1532 908 1606 videtur:
946 1532 1019 1606 boc
1056 1533 1274 1630 imperfecto
1312 1560 1401 1609 usus

258 1654 415 1751 scriptor
439 1679 516 1727 non
535 1635 734 1752 tantopere
748 1669 926 1728 eventum
941 1655 1206 1752 (persuadendi
1221 1671 1399 1731 conatum

259 1776 400 1850 irritum
425 1801 508 1850 esse
522 1776 678 1874 factum)
692 1775 879 1878 significat
893 1802 1007 1875 quam
1022 1777 1125 1874 ipsos
1138 1793 1296 1852 conatus
1310 1777 1399 1852 irus·

258 1915 318 1972 tra
338 1899 537 1973 adhibitos,
561 1898 695 1974 Latine
716 1899 947 1996 Thucydidis
968 1900 1084 1973 verba
1105 1898 1191 1974 ideo
1212 1899 1264 1974 sic
1279 1901 1398 1978 reddi-

259 2021 395 2096 derim:
420 2020 518 2110 „Sed
540 2047 625 2095 cum
640 2021 721 2119 ejus
735 2021 917 2094 suadendi
932 2022 1131 2097 conamina
1145 2022 1247 2098 irrita
1261 2024 1399 2099 evasis-

259 2143 380 2218 sent.’'
407 2142 600 2218 Suadendi
622 2158 780 2218 eventus
802 2144 851 2241 (τὸ
873 2146 992 2242 πεῖσαι)
1016 2145 1165 2241 proprie
1179 2144 1398 2243 imperfecto

259 2292 336 2342 non
359 2267 467 2359 inest,
492 2267 560 2341 sed
583 2267 813 2365 cogitatione
836 2282 894 2341 est
916 2266 1156 2365 supplendus.
1184 2267 1270 2341 Hoc
1283 2268 1397 2343 etiam

258 2417 296 2464 v.
312 2417 343 2464 c.
374 2389 424 2464 A.
455 2390 520 2464 W.
549 2390 780 2488 AHLBERG1)
803 2387 968 2464 voluisse
991 2390 1148 2481 videtur,
1174 2416 1259 2464 cum
1284 2390 1397 2489 paulo

259 2513 447 2610 antiquius
483 2512 576 2586 dixit
611 2514 730 2587 verba
755 2510 816 2590 οὐκ
843 2510 941 2591 ἔπειθε
965 2539 1035 2610 per
1061 2511 1398 2612 breviloquentiam

259 2636 360 2711 dicta
393 2661 476 2710 esse
512 2661 581 2733 pro
619 2660 666 2710 eo
704 2634 806 2734 quod
825 2650 884 2711 est
906 2631 1022 2714 ἔπειθεν
1046 2632 1123 2714 ἀλλ’
1144 2632 1204 2714 οὐκ
1226 2633 1342 2716 ἔπεισεν
1356 2639 1396 2735 ²).

258 2759 475 2857 Cognatum
499 2773 559 2832 est
581 2757 666 2831 huic
689 2757 897 2855 imperfecti
920 2757 1002 2831 usui
1025 2757 1063 2831 id
1077 2758 1180 2856 quod
1194 2756 1330 2856 legitur
1346 2760 1399 2834 lV

262 2905 348 2972 110,
385 2906 398 2954 1
431 2885 475 2974 ὡς
502 2877 534 2959 δ’
556 2876 629 2959 οὐκ
651 2881 879 2966 ἐσήκουον.
905 2880 979 2954 Hic
1003 2906 1155 2979 quoque
1179 2881 1397 2979 imperfecto

255 3003 486 3102 significatur
509 3029 578 3102 per
600 3003 792 3100 quoddam
815 3019 965 3101 tempus
989 3028 1072 3078 esse
1095 3003 1412 3080 restitum·cona-·

257 3127 417 3202 minibus
437 3127 572 3224 quibus
594 3127 677 3224 quis
699 3152 788 3199 usus
809 3140 866 3200 est
884 3141 925 3200 ut
948 3126 1016 3201 sibi
1040 3141 1245 3224 pareretur.
1263 3128 1305 3200 In
1320 3128 1396 3201 uni·

254 3247 1036 3348 versumigiturdicipotestimperfecto
1050 3249 1306 3346 negatione
1330 3249 1397 3323 ad·

250 3374 416 3474 juncta
443 3371 707 3471 significari
737 3371 1131 3470 repugnationem
1155 3396 1236 3469 per
1259 3372 1396 3468 quod-

254 3497 357 3571 dam
394 3511 577 3592 tempus
613 3495 936 3568 continuatam
965 3509 1128 3569 contra
1156 3495 1395 3569 conamina

254 3619 421 3718 quibus
461 3618 564 3716 quis
600 3619 657 3692 ad
694 3614 939 3691 consilium
977 3643 1104 3691 suum
1142 3642 1395 3715 assequen-

253 3744 371 3817 dum
422 3741 621 3833 utitur,
652 3735 787 3837 'quam
840 3736 1133 3814 Gildersleevius
1183 3736 1207 3814 l.
1236 3736 1261 3814 l.
1304 3739 1397 3815 dixit

258 3865 484 3954 „resistance
504 3877 545 3937 to
562 3861 772 3962 pressure.”
790 3860 976 3960 Exempla
990 3860 1133 3960 aliquot
1146 3861 1394 3960 Thucydidea

254 3988 364 4087 hujus
386 3986 593 4086 imperfecti
614 4012 703 4060 usus
725 3985 927 4083 separatim
941 4000 1102 4060 tractare
1116 3983 1206 4060 utile
1215 3985 1393 4084 judicavi.

292 4285 318 4353 1)
337 4283 365 4333 in
389 4279 608 4332 commentatione
634 4273 738 4344 „Nigra
760 4276 964 4342 anm'a'rkningar
988 4267 1030 4326 till
1048 4275 1229 4342 imperielrtets
1247 4276 1297 4326 och
1314 4275 1394 4326 aoris-

252 4380 312 4423 tens
336 4377 430 4436 syntax
453 4369 503 4419 hos
527 4365 725 4432 Thukydides’'‚
745 4381 812 4431 quae
829 4365 926 4430 legitur
943 4365 972 4414 in
991 4363 1073 4414 diario
1093 4360 1204 4414 Svedico
1223 4359 1291 4414 Frin
1310 4363 1394 4414 filolo-

252 4459 330 4526 giska
345 4457 500 4522 soreningen
518 4455 529 4505 i
547 4453 634 4521 Lund,
652 4447 786 4518 sprikliga
803 4458 941 4516 uppsatser
958 4451 985 4500 11
1004 4447 1095 4516 (Lund
1114 4449 1204 4518 1902),
1223 4465 1251 4515 p.
1271 4463 1313 4500 21.

290 4545 318 4614 2)
336 4547 516 4610 Brugmannus
531 4540 588 4609 (Gr.
605 4538 698 4606 (ἰωῇ
714 4547 766 4604 544
781 4537 873 4606 Anm.)
889 4544 915 4589 et
930 4537 1071 4588 Meltzerus
1086 4537 1120 4604 (I.
1136 4538 1166 4588 F.
1182 4537 1261 4587 XVII
1276 4553 1302 4603 p.
1319 4535 1394 4605 219),

253 4631 301 4700 qui
319 4637 346 4683 et
363 4630 415 4697 ipsi
434 4627 533 4681 dehac
552 4627 698 4694 quaestione
717 4624 862 4694 disputant,
880 4623 1055 4690 explicatione
1074 4623 1128 4676 iere
1146 4623 1290 4675 abstinent.
