3770 5662
1001 595 1052 666 80

448 817 542 900 quot
578 825 712 879 manus
745 804 850 878 divisi
879 804 1010 878 urbem
1038 801 1319 878 circumvallare
1347 803 1589 902 coeperunt''.

502 926 554 999 VI
607 949 669 1022 51,
722 952 743 1022 3
795 927 902 1014 ἐπειδὴ
946 926 1110 1031 οίφίκοντο,
1153 926 1515 1022 κατεσκευάζοντο
1555 927 1592 1005 τὸ

447 1047 683 1153 στρατίπεδονε
727 1049 868 1147 „primo
904 1049 1069 1124 adventu
1099 1065 1223 1124 castra
1251 1050 1433 1124 instruere
1460 1074 1592 1147 coepe-

448 1169 556 1245 runt''
595 1171 690 1269 („sie
726 1172 868 1272 gingen
906 1172 1036 1265 daran,
1076 1171 1144 1246 das
1182 1172 1309 1271 Lager
1341 1171 1591 1246 einzurichten

448 1291 545 1368 etc.”
576 1293 659 1390 St).

506 1420 569 1508 62,
599 1440 613 1488 1
641 1410 724 1520 μετὰ
748 1413 785 1495 δέ
808 1425 913 1496 ταῦτα
936 1421 966 1495 οἱ
980 1418 1082 1496 λοιποί
1098 1432 1161 1497 τῶν
1177 1412 1353 1507 Ἀθηναίων
1368 1422 1544 1521 στρατηγοί
1560 1418 1592 1494 ἐν

447 1549 488 1641 τῇ
507 1543 649 1642 Σικελίᾳ,
666 1532 727 1617 δύο
740 1539 823 1644 με’ρη
838 1541 1029 1632 ποιήσαντες
1042 1547 1099 1616 τοῦ
1112 1533 1351 1643 στρατεύματος
1361 1583 1426 1632 -,
1446 1536 1590 1618 ἔπλεον

450 1654 614 1763 ξῦμπαντι
636 1663 684 1739 ἐπὶ
706 1667 908 1755 Σελινοῦντος
922 1668 995 1740 κτλ.
1010 1661 1078 1737 ie.
1101 1662 1303 1759 „navigare
1317 1660 1590 1749 instituerunt'',

449 1781 497 1854 de
519 1807 594 1879 qua
617 1781 860 1880 navigatione
877 1784 913 1857 in
928 1783 971 1858 iis
986 1809 1084 1881 quae
1098 1799 1305 1882 sequuntur
1318 1784 1433 1858 fusius
1448 1784 1590 1882 agitur3

448 1903 500 1976 sic
535 1929 650 2002 saepe
683 1904 940 2003 imperfectum
979 1906 1084 1980 verbi
1111 1913 1225 1984 πλεῖν
1253 1907 1411 2006 ejusque
1439 1930 1590 2002 compo·

448 2025 601 2100 sitorum
624 2044 833 2126 usurpatur,
849 2026 954 2102 velut
966 2029 996 2101 II
1013 2053 1031 2101 2
1039 2051 1074 2123 5,
1093 2053 1113 2123 3
1129 2063 1138 2122 3
1153 2028 1219 2101 VII
1237 2034 1297 2120 26,
1321 2055 1334 2102 1
1352 2063 1360 2121 ς
1378 2028 1457 2101 VIII
1475 2051 1536 2122 32,
1558 2053 1589 2101 1.

504 2154 565 2243 69,
609 2175 622 2223 1
661 2158 681 2227 ὁ
714 2149 775 2256 μὲν
804 2157 924 2242 Νικίας
950 2159 1085 2230 τοιαῦτα
1112 2148 1437 2257 παρακελευσάμενος
1465 2153 1590 2254 ἐπῆγε

447 2272 483 2349 τὸ
510 2272 727 2377 στρατόπεδον
754 2267 848 2365 εὐθύς
878 2274 1025 2368 „statim
1054 2273 1162 2372 signa
1190 2272 1345 2348 movit’'.

503 2395 553 2467 VI
591 2420 675 2489 104,
714 2420 733 2469 2
772 2402 829 2474 καὶ
863 2391 925 2488 τὰς
956 2403 1036 2488 ναῦς
1070 2395 1143 2476 ὅσαι
1167 2395 1326 2486 ἐπόνησαν
1355 2396 1415 2474 ὑπὸ
1442 2405 1498 2476 τοῦ
1525 2429 1592 2502 χει·

447 2531 568 2620 μῶνσς·
584 2513 768 2610 ἀνελκύσας
797 2511 1071 2613 ἐπεσκεύαζεν
1105 2515 1279 2612 ,reficere
1301 2517 1450 2615 coepit''
1473 2518 1590 2617 (quod

450 2665 545 2738 opus
578 2639 785 2738 perfectum
813 2655 1042 2716 memoratur
1070 2639 1134 2713 VII
1167 2666 1198 2732 1,
1234 2665 1247 2714 1
1281 2643 1344 2719 ἐπεὶ
1372 2638 1590 2721 ἐπεσκεύασαν

448 2757 508 2855 τὰς
534 2763 640 2860 ναῦς).

503 2884 569 2958 VII
605 2910 668 2980 43,
710 2907 729 2981 5
761 2881 858 2964 σ’ίλλα
885 2883 921 2964 δὲ
949 2884 1013 2966 α’πὲ
1039 2899 1098 2978 τῆς
1125 2885 1253 2991 πρώτης
1279 2885 1315 2964 τῦ
1342 2893 1594 2992 παρατείχισμα

448 3023 511 3085 τῶν
545 3014 750 3114 Συρακοσίων
784 3005 912 3113 ᾕρουν
948 3041 981 3085 τε
1015 3011 1075 3087 καί
1110 3004 1169 3102 τᾶς
1207 3007 1353 3102 ἐποίλξεις
1390 3007 1592 3116 οίπέσυρον

455 3130 744 3224 „munimentum
785 3130 1020 3228 arripuerunt
1060 3132 1172 3227 (non:
1212 3147 1392 3229 ceperunt
1419 3164 1462 3190 =
1490 3129 1591 3231 εἷλον)

450 3268 488 3329 et
515 3252 799 3352 propugnacula
826 3251 1003 3329 divellere
1031 3269 1245 3351 coeperunt.

502 3376 582 3449 VIII
617 3402 648 3470 1,
684 3402 709 3470 4
746 3379 802 3455 καί
839 3381 884 3470 ὡς
919 3373 1028 3470 ἐδοξεν
1056 3371 1177 3469 αὐτοῖς,
1206 3383 1263 3455 καί
1292 3377 1457 3455 ἐποίουν
1484 3386 1591 3456 ταῦτα

449 3498 472 3573 i.
489 3524 522 3574 e.
556 3499 703 3592 „statim
731 3498 885 3596 exsequi
913 3523 960 3572 ea
987 3522 1086 3596 quae
1113 3497 1332 3595 placuerant
1360 3499 1588 3596 coeperunt''

449 3621 548 3720 (cum
586 3646 661 3718 quo
698 3619 781 3695 loco
819 3620 1066 3696 conserendus
1101 3635 1159 3695 est
1194 3619 1299 3696 locus
1338 3646 1451 3718 quem
1479 3648 1624 3724 supra'

449 3770 487 3840 p.
520 3746 566 3838 78
597 3741 747 3818 laudavi
775 3744 803 3816 Π
832 3769 894 3838 93,
924 3746 975 3842 4).

505 3888 568 3961 95,
606 3890 631 3960 4
658 3869 702 3959 ὦς
729 3851 787 3944 σύν
814 3867 951 3958 ἐπέπλει,
977 3861 1099 3958 εὐθὺς
1125 3867 1328 3971 ἐπλήρουν
1356 3872 1413 3945 καί
1442 3870 1472 3945 οἱ
1500 3862 1632 3958 'Aen--

450 3997 533 4067 ναῖοι
569 3983 629 4081 τὰς
656 3997 750 4081 ναῦς,
778 3987 914 4091 οἰόμενοι
941 3995 1027 4092 σφίσι
1055 3983 1146 4094 παρὰ
1172 3998 1244 4081 ταῖς
1272 3995 1367 4069 ναυσὶ
1395 3985 1470 4081 τοὺς
1498 4022 1593 4096 στρα-

448 4107 565 4203 τιῶτας
607 4109 687 4190 εἶναι
728 4111 751 4186 i.
781 4137 815 4186 e.
858 4110 984 4185 statim
1026 4136 1144 4186 naves
1185 4110 1358 4186 militibus
1400 4111 1590 4209 complere

449 4248 688 4331 paraverunt,
718 4234 774 4308 cui
808 4231 944 4308 actioni
980 4233 1017 4305 id
1055 4259 1184 4308 morae
1220 4248 1301 4308 erat
1328 4233 1431 4330 quod
1459 4232 1591 4309 milites

451 4381 525 4431 non
558 4356 716 4430 aderant
749 4357 852 4452 apud
888 4381 1006 4430 naves
1043 4357 1088 4453 (οἱ
1123 4353 1155 4435 δ’
1191 4353 1306 4462 ἐτυχον
1339 4362 1444 4450 κτλ.);
1475 4357 1593 4432 cf.111

457 4501 542 4574 115,
580 4503 605 4573 4
642 4485 698 4558 καί
732 4480 936 4584 ἐπλήρουν
970 4487 1052 4572 ναῦς
1078 4476 1322 4586 τεσσαράκοντα
1348 4484 1378 4558 οἱ
1407 4475 1592 4570 Ἀθηναῖοις

455 4601 656 4696 „instruere
707 4600 958 4700 coeperunt'';
1002 4616 1161 4701 apparet
1202 4627 1224 4676 e
1265 4599 1349 4675 loco
1390 4602 1443 4674 IV
1489 4627 1523 4690 2,
1571 4627 1590 4676 α

1021 4964 1130 5039 fi
