3770 5662
998 547 1047 637 98

537 896 561 990 ξ
590 900 625 969 6.
664 895 735 969 De
770 893 1066 992 imperfecto
1100 891 1504 992 exspectativo1).

508 1137 574 1211 Ad
607 1138 679 1212 hoc
716 1137 922 1235 imperfecti
959 1163 1080 1237 genus
1116 1162 1216 1236 quae
1253 1139 1369 1213 verba
1405 1134 1592 1236 pertinere

454 1261 627 1336 videntur
654 1259 802 1358 singula
829 1261 1006 1359 deinceps
1033 1262 1226 1336 tractabo:

510 1383 625 1456 Verbi
654 1379 836 1462 κελεύειν
860 1384 957 1458 inter
977 1383 1235 1481 imperfectum
1256 1398 1294 1458 et
1309 1383 1489 1458 aoristum
1503 1380 1595 1480 quid

455 1505 596 1578 intersit
623 1506 765 1604 optime
792 1504 997 1581 illustratur
1023 1506 1095 1580 hoc
1123 1504 1313 1603 exemplo:
1344 1505 1397 1578 lV
1428 1528 1489 1597 22,
1519 1528 1533 1577 1
1567 1507 1599 1581 οἱ

455 1627 491 1706 δὲ
528 1627 565 1724 (i.
591 1653 624 1701 e.
663 1631 693 1705 oi
729 1626 1005 1731 Λακεδαιμόνιοι)
1045 1629 1219 1732 ξυνέδρους
1260 1633 1364 1731 σφίσιν
1405 1624 1598 1705 ἐκέλευον

455 1749 601 1828 diodor:
643 1747 758 1848 legati
790 1749 1178 1825 Lacedaemoniorum
1206 1764 1292 1848 post
1322 1748 1469 1822 cladem
1495 1747 1597 1845 apud

458 1869 589 1968 Pylum
618 1886 814 1968 acceptam
842 1873 891 1947 ab
920 1872 1215 1947 Atheniensibus
1241 1871 1399 1946 comitiis
1424 1869 1599 1944 institutis

457 2008 627 2091 petunt
654 2009 696 2069 ut
723 1993 865 2092 aliquot
892 1995 993 2070 viros
1015 2021 1062 2068 ex
1085 2019 1127 2068 se
1150 1993 1292 2091 eligant
1314 1993 1378 2091 qui
1403 2019 1488 2067 curn
1510 1991 1598 2089 ipsis

458 2115 507 2190 de
540 2142 634 2215 pace
671 2117 935 2215 componenda
970 2115 1196 2211 deliberent3
1234 2117 1454 2215 imperfecto
1482 2112 1598 2214 legati

459 2254 723 2337 exspectantes
761 2240 849 2337 quid
884 2241 1083 2338 rogatione
1116 2267 1184 2315 sua
1221 2240 1286 2315 fiat
1321 2238 1598 2338 significantur3

459 2361 495 2434 in
524 2361 567 2435 iis
591 2378 717 2437 autem
741 2387 841 2460 quae
861 2377 1069 2461 sequuntur
1089 2364 1128 2460 (5
1146 2365 1182 2460 2)
1206 2387 1283 2437 aor.
1309 2361 1464 2460 legitur:
1488 2360 1599 2438 Κλέων

463 2483 499 2594 δὲ
527 2528 579 2538 -
607 2493 639 2562 εἴ
660 2517 688 2561 τι
717 2483 802 2588 ὑγιὲς
830 2488 1048 2579 διανοοῦνται,
1077 2487 1180 2590 λέγειν
1209 2485 1423 2564 ἐκέλευσεν
1459 2479 1598 2562 druco:

460 2603 618 2680 aoristus
642 2607 841 2682 adhibetur
863 2607 911 2682 de
935 2633 982 2682 eo
1004 2608 1081 2706 qui,
1105 2607 1190 2707 plus
1209 2605 1338 2683 valere
1359 2633 1401 2683 se
1423 2607 1599 2696 sentiens,

461 2754 536 2803 non
574 2728 700 2827 petit
737 2729 805 2803 sed
839 2728 951 2827 plane
983 2731 1141 2830 jubet3
1176 2756 1269 2830 ergo
1307 2731 1466 2805 aoristus
1499 2728 1602 2803 adhi-

459 2852 569 2926 betur
597 2851 646 2926 de
674 2877 721 2926 eo
750 2851 813 2950 qui
842 2878 928 2928 suo
951 2854 1060 2952 jure
1083 2853 1245 2953 jubet,
1275 2854 1355 2928 sive
1379 2853 1601 2952 magistratu

460 2973 627 3071 fungitur
649 2973 729 3048 sive
753 2973 878 3072 aliqua
892 2972 965 3050 alia
980 3001 1094 3050 causa
1108 2976 1276 3072 superior
1291 2990 1348 3050 est
1362 3001 1409 3050 eo
1423 2975 1487 3073 qui
1497 2975 1602 3075 jube·

460 3110 531 3169 tur.
570 3095 795 3171 Indicativus
830 3098 957 3172 aoristi
993 3114 1142 3196 praeter
1178 3124 1265 3173 eum
1302 3123 1416 3195 quem
1450 3096 1601 3172 laudavi

461 3215 593 3292 locum
623 3220 736 3294 etiam
765 3219 867 3294 hisce
896 3217 988 3294 locis
1015 3219 1192 3294 occurrit:
1224 3221 1256 3293 Il
1289 3226 1350 3312 69,
1383 3243 1404 3314 3
1434 3227 1494 3298 καὶ
1523 3219 1603 3298 ἐκέ-

462 3347 605 3421 λευσεν
641 3344 770 3434 ἐκείνοις
802 3344 1030 3446 παραδοῦναι·
1066 3346 1097 3420 oi
1133 3341 1169 3420 di
1197 3343 1355 3448 λαβόντες
1383 3341 1541 3446 ἐκόμισαν
1572 3343 1604 3433 ἐς

461 3457 521 3555 τὰς
558 3457 713 3555 ’Adducam
753 3462 934 3558 Sadocus,
972 3461 1118 3538 Sitalcis
1149 3464 1335 3539 Thraciae
1362 3463 1462 3562 regis
1491 3461 1599 3556 filius,

461 3583 597 3683 legatis
632 3583 926 3661 Atheniensibus
960 3587 1117 3662 comites
1144 3587 1287 3660 addidit
1316 3586 1378 3685 qui
1408 3586 1603 3660 Lacedae·

462 3707 674 3779 moniorum
702 3705 863 3806 legatos,
893 3709 957 3807 qui
985 3725 1073 3784 tunc
1100 3709 1302 3783 Thraciam
1335 3709 1602 3807 peragrabant,

465 3828 758 3926 comprehensos
782 3829 850 3904 illis
870 3833 1072 3907 traderent.
1099 3832 1162 3905 Ad
1186 3832 1257 3906 hoc
1273 3831 1500 3906 narrandum
1515 3846 1604 3930 apte

464 3949 665 4024 adhibetur
700 3953 877 4047 aoristus3
915 3954 1054 4029 etenim
1087 3953 1257 4028 Sadocus
1284 3952 1503 4029 satellitibus
1529 3953 1607 4027 suis

465 4098 534 4146 suo
562 4073 647 4170 jure
684 4073 856 4172 imperat,
893 4075 950 4150 cui
986 4077 1143 4175 imperio
1178 4103 1261 4152 esse
1303 4077 1604 4174 obtemperatum

466 4193 518 4267 ita
555 4219 623 4290 per
659 4220 701 4268 se
735 4195 950 4293 intelligitur
985 4214 1025 4272 ut
1062 4223 1110 4272 ne
1145 4214 1372 4274 memoretur
1403 4198 1555 4295 quidem
1583 4222 1608 4270 a

465 4315 657 4412 scriptore.
688 4316 862 4394 Similiter
890 4319 943 4393 Vl
975 4325 1037 4416 58,
1072 4346 1085 4394 1
1119 4318 1272 4421 (Ἱππίας)
1294 4325 1345 4400 ἕπε’
1362 4318 1437 4415 τοὺς
1459 4321 1608 4427 πομπέας

467 4497 654 4512 ————

506 4595 531 4665 ι)
551 4595 592 4646 Cf.
611 4611 690 4661 supra
710 4611 736 4660 p.
756 4593 790 4647 28
809 4610 850 4661 sq.
