3770 5662
1005 589 1057 657 94

458 778 678 877 tiescunque
718 777 872 876 singulis
912 776 1109 853 mendacia
1149 803 1217 852 sua
1259 778 1445 868 narrabat,
1484 776 1598 852 fidem

459 900 675 976 habebant’'
728 902 857 998 (etiam
899 901 1028 998 partic.
1072 897 1245 995 οίκοίισντες
1286 901 1457 976 iterative
1498 925 1599 975 usur-

459 1039 589 1120 patum
617 1026 700 1121 est).

512 1146 817 1245 Compositorum
878 1145 1116 1224 ἀναπείθειν
1172 1160 1210 1219 et
1263 1151 1597 1239 ξνναναπείθειν,

460 1268 647 1366 utriusque
683 1266 812 1355 semel,
852 1267 1070 1367 impfectum
1099 1269 1258 1342 occurrit
1285 1269 1398 1365 idque
1425 1267 1462 1341 vi
1490 1292 1600 1342 cona·

458 1391 536 1464 tiva
568 1390 790 1489 praeditum,
829 1416 966 1487 nempe
1002 1391 1093 1464 VIII
1134 1412 1195 1485 52,
1237 1417 1250 1465 1
1293 1387 1509 1496 Ἀλκιβιάδης
1539 1387 1600 1493 μὲν

460 1513 660 1618 Τισσαφέρνη
697 1511 935 1620 παρεσκεύαζεν
971 1517 1027 1592 καὶ
1066 1513 1112 1593 σίν
1122 1514 1249 1592 ἔπειθε
1292 1515 1348 1608 „in
1379 1511 1490 1588 aliam
1518 1539 1599 1588 sen-

460 1635 617 1709 tentiam
652 1636 825 1711 inducere
863 1635 1093 1710 conabatur”
1124 1652 1162 1710 et
1190 1635 1352 1710 similiter
1379 1636 1451 1709 VII
1485 1661 1544 1730 21,
1578 1661 1598 1732 3

461 1759 732 1852 ξννανέπειθε
759 1759 796 1838 δὲ
823 1761 880 1837 καί
908 1752 1130 1865 Ἑρμοκράτης
1158 1755 1222 1864 οὐχ
1249 1756 1370 1845 ἥκιστα
1397 1765 1469 1836 κτλ.

514 1879 631 1954 Verbi
667 1878 862 1984 προίσσειν
900 1906 946 1954 ea
983 1879 1202 1977 significatio
1239 1880 1474 1978 praesentica
1502 1906 1605 1978 quae,

461 2016 519 2076 est
561 2003 731 2102 „agendo
768 2001 907 2101 aliquid
944 2002 1145 2100 impetrare
1180 2003 1330 2077 conari'‘
1368 2003 1439 2077 dici
1475 2018 1601 2102 potest

461 2125 647 2219 conativa,
684 2125 714 2199 si
747 2125 923 2223 respicias
961 2125 1152 2199 notionem
1187 2127 1269 2224 ejus
1303 2125 1409 2199 verbi
1451 2127 1600 2230 (πρᾶξαι)

463 2247 694 2322 aoristicam:
749 2231 986 2345 „perficeie”.
1039 2247 1303 2345 Imperfectum
1351 2248 1462 2322 activi
1516 2272 1601 2322 eam

460 2371 538 2445 vim
554 2371 767 2444 conativam
783 2369 934 2444 exhibet
953 2368 1055 2443 hisce
1074 2368 1185 2444 locis:
1209 2370 1261 2443 III
1287 2395 1323 2464 4,
1350 2375 1373 2442 6
1396 2367 1601 2475 ἔπρασσον

461 2493 546 2586 ὅπως
573 2525 619 2585 τις
648 2493 784 2597 βοήθεια
812 2489 900 2586 ἥξεις
929 2491 1095 2566 similiter
1121 2512 1181 2588 70,
1218 2517 1256 2587 13
1289 2511 1349 2588 75,
1387 2517 1399 2566 1
1433 2488 1600 2598 ξύμβασίν

461 2648 494 2694 τε
522 2613 696 2719 ἔπρασσε
724 2615 873 2711 (pacem
897 2613 1094 2689 conciliare
1117 2615 1341 2712 temptabat,
1366 2615 1471 2714 cujus
1494 2640 1602 2690 cona·

464 2753 523 2812 tus
558 2762 714 2834 prosper
741 2752 898 2811 eventus
926 2738 1103 2813 continuo
1132 2753 1362 2812 memoratur
1372 2741 1395 2836 :)
1425 2740 1482 2819 καὶ
1509 2743 1603 2817 πείθει

465 2863 520 2960 (=
542 2857 654 2957 ἔπεισε)
691 2857 768 2939 ὥστε
802 2866 1016 2965 ξυγχωρῆσαι
1045 2861 1205 2953 α’λλιίλοις
1234 2868 1305 2939 κτλ.
1332 2860 1474 2935 Passivi
1502 2861 1602 2957 impf.

463 2983 516 3057 sic
544 2997 741 3079 usurpatur
769 2982 870 3056 hisce
897 2981 1007 3056 Iocis:
1038 2983 1092 3055 IV
1125 3008 1209 3077 121,
1243 3009 1261 3056 2
1293 2991 1355 3062 καί
1374 3016 1402 3062 τι
1430 2978 1517 3088 αιίτῷ
1545 2985 1602 3062 καὶ

465 3102 685 3209 ε’προίσσετο
727 3105 790 3202 (ab
831 3131 879 3179 eo
921 3106 1119 3203 agebatur)
1161 3110 1193 3197 ἐς
1234 3101 1294 3198 τὰς
1333 3107 1439 3199 πόλεις
1479 3101 1604 3198 ταύτας

464 3231 638 3333 προδοσίας
673 3226 762 3332 σέρις
801 3226 964 3302 similiter
997 3228 1087 3301 VIII
1119 3251 1154 3323 5,
1189 3253 1208 3322 3
1239 3231 1296 3307 καί
1323 3225 1414 3306 ταῦτ’
1443 3225 1519 3308 οἰ’νευ
1546 3242 1605 3321 τῆς

464 3353 737 3454 Λακεδαιμονίων
773 3350 895 3443 πόλεως
932 3348 1177 3454 ἐπροίσσετος
1217 3351 1270 3423 IV
1302 3355 1363 3446 76,
1405 3376 1423 3423 2
1462 3367 1507 3460 τῷ
1540 3347 1605 3457 γὰρ

464 3467 661 3575 Ἰπποκροίτει
703 3475 762 3551 καί
800 3475 907 3579 ἐκείνῳ
948 3470 989 3552 τοί
1027 3472 1160 3551 Βοιώτια
1193 3470 1375 3579 πράγματα
1411 3473 1475 3552 οίπθ
1511 3504 1604 3552 τινων

465 3594 594 3699 ἀνδρῶν
632 3596 664 3672 ἐν
700 3605 773 3688 ταῖς
807 3596 934 3675 πόλεσιν
957 3594 1213 3702 ’ἐπροίσσετο,
1252 3595 1314 3670 ubi
1341 3599 1409 3700 ἐπρ.
1439 3594 1606 3671 licentius

465 3742 489 3790 a
527 3730 656 3790 nostro
692 3716 900 3792 adhibitum
938 3733 995 3794 est
1031 3744 1100 3816 pro
1129 3744 1175 3794 eo
1203 3719 1306 3815 quod
1334 3733 1391 3794 est
1416 3721 1606 3824 προνθίθοτο

466 3839 527 3936 (cf.
557 3836 699 3937 schol.).

521 3959 638 4034 Verbi
678 3967 850 4065 φθείρειν
892 3988 1045 4061 quoque
1082 3963 1352 4062 imperfectum,
1394 3964 1607 4062 ubicunque

467 4083 636 4176 occurrit,
665 4100 722 4158 est
750 4085 976 4178 conativum‚
1006 4087 1220 4184 significans
1254 4086 1413 4180 „damna
1433 4087 1606 4180 inferre’',

474 4207 657 4302 „vexare”
678 4211 735 4306 (=
750 4206 932 4312 βλοίπτειν).
958 4207 1144 4304 (Aoristus
1167 4223 1294 4282 autem
1318 4208 1504 4282 actionem
1526 4235 1606 4306 per-

469 4330 644 4403 fectivam
682 4331 876 4429 designat:
917 4329 1133 4426 „perdere''‚
1169 4328 1370 4427 „delere‘’.)
1399 4329 1459 4403 Sic
1486 4330 1608 4405 forma

468 4450 650 4558 ἔφθειρον
691 4453 814 4550 (tertia
857 4455 1032 4552 persona)
1070 4452 1268 4526 adhibetur
1304 4451 1406 4527 hisce
1442 4449 1553 4525 locis:
1591 4453 1606 4524 I

473 4601 533 4674 30,
575 4601 594 4673 3
633 4584 688 4654 τοῦ
724 4608 756 4653 τε
792 4574 912 4684 χρόνον
950 4575 1003 4654 τὸν
1040 4581 1185 4655 πλεῖστον
1213 4569 1295 4680 μετὰ
1323 4573 1382 4659 τὴν
1410 4581 1607 4683 ναυμαχίαν
