3726 5656
977 577 1028 647 40

430 770 529 846 facta
570 784 753 845 memorat
790 769 924 868 quibus
953 767 1248 843 Atheniensibus
1275 766 1503 866 persuadeat
1530 791 1569 840 se

430 895 573 992 patriae
622 891 781 992 gloriam
832 892 1000 987 auxisse;
1042 905 1143 966 recte
1184 890 1295 991 igitur
1336 891 1430 965 haec
1470 891 1569 964 facta

432 1018 577 1091 aoristis
619 1013 901 1091 constativis
943 1015 1220 1113 exprimuntur3
1264 1014 1280 1087 I
1329 1016 1386 1102 18,
1427 1038 1447 1109 3
1493 1010 1569 1091 ὥστε

431 1139 495 1218 οἷπό
530 1154 593 1218 τῶν
632 1141 790 1228 Μηδικῶν
828 1139 859 1231 ἐς
885 1137 979 1216 τόνδε
1006 1142 1066 1215 αιέὶ
1088 1137 1143 1214 τὸν
1165 1137 1308 1242 πόλεμον
1323 1180 1375 1191 -
1389 1121 1423 1215 εὖ
1451 1167 1571 1241 παρε-

432 1259 698 1341 σκευάσαντο
734 1256 775 1339 τὰ
802 1262 944 1365 πολέμιοι
978 1265 1035 1339 καὶ
1072 1258 1279 1364 ἐμπειρότεροι
1317 1259 1459 1363 ἐγένοντο
1497 1263 1568 1335 κτλ.

434 1387 525 1482 (aor.
566 1383 787 1482 complex.);
828 1382 860 1457 ΙΙ
899 1387 960 1474 89,
1003 1407 1022 1455 2
1062 1371 1147 1461 οὗτοι
1183 1378 1249 1488 γὰρ
1275 1397 1398 1488 πρῶτον
1426 1379 1485 1486 μὲν
1513 1375 1571 1460 διὰ

433 1507 469 1585 τὸ
505 1512 749 1613 προνενικῆσθαι
764 1507 865 1584 -d
899 1512 1021 1598 πλῆθος
1056 1519 1119 1584 τῶν
1155 1520 1235 1584 νεῶν
1251 1500 1571 1612 -παρεσκενοῖ-
1673 1575 1679 1582 .

434 1660 581 1710 σαντοε
630 1645 806 1728 „propter
847 1626 992 1703 cladem
1035 1627 1158 1727 priore
1195 1626 1338 1726 proelio
1376 1641 1570 1723 acceptam

434 1751 535 1828 illum
565 1777 744 1851 magnum
769 1777 963 1827 numerum
988 1751 1151 1841 navium,
1178 1776 1272 1849 quas
1295 1750 1440 1841 videtis,
1466 1775 1572 1847 para-

433 1874 591 1950 verunt''
622 1877 713 1973 (aor.
743 1875 929 1973 constat).
961 1872 1003 1946 In
1031 1870 1116 1948 loco
1139 1872 1299 1964 V1122‚
1332 1899 1344 1947 1
1374 1873 1436 1948 ubi
1460 1873 1569 1948 codd.

435 1998 617 2095 praebent
659 1997 766 2084 ἐπειδὴ
803 1993 1146 2102 παρεσκευάσατο
1182 1997 1218 2074 τὸ
1255 1995 1407 2077 ναυτικόν
1445 1993 1571 2070 malim

434 2146 517 2194 curn
561 2118 814 2195 Herwerdeno
829 2120 857 2217 1)
902 2134 941 2193 et
977 2117 1106 2192 Hudio
1143 2116 1270 2219 legere
1306 2115 1572 2223 παρεσκεύαστο

437 2241 526 2340 (vid.
556 2267 642 2317 ann.
675 2241 801 2316 Ηττον.
832 2241 881 2317 ad
908 2238 1058 2339 locum).

382 2467 385 2476 .
490 2366 796 2464 Compositorum
816 2365 910 2444 α’ντι
933 2380 1039 2440 -et
1061 2361 1573 2470 προπαρασκευάζεσθαι

435 2489 562 2587 paucis
585 2480 676 2563 iocis
699 2487 957 2586 imperfectum
974 2486 1120 2585 legitur,
1137 2487 1296 2562 aoristus
1312 2513 1387 2563 non
1403 2487 1571 2562 occurrit.

489 2610 605 2684 Verbi
640 2605 855 2716 ἐξαρτῦειν
891 2612 944 2708 (et
978 2611 1076 2685 med.
1099 2655 1151 2666 -
1175 2614 1279 2709 εσθαι)
1313 2608 1456 2709 aliquot
1483 2609 1574 2687 locis

434 2733 536 2830 irnpf.
583 2732 751 2825 occurrit,
789 2733 863 2808 ind.
903 2759 982 2808 aor.
1021 2748 1167 2809 tantum
1195 2731 1311 2809 semel
1339 2732 1474 2834 legitur
1500 2733 1573 2809 VII

437 2862 498 2952 65,
544 2882 557 2930 1
597 2858 674 2962 πρός
700 2889 732 2935 τε
759 2845 871 2936 τᾶλλα
898 2852 1179 2962 ἐξηρτύσαντο
1208 2863 1294 2950 κτλ.,
1325 2858 1388 2954 qui
1415 2854 1573 2933 aoristus

434 2980 510 3054 virn
540 2978 718 3078 plqpfecti
747 2980 870 3055 Latini
897 2977 1024 3055 habet:
1060 2978 1439 3078 „apparaverant”

488 3103 605 3177 Verbi
653 3098 894 3208 ἑτοιμάζειν
934 3101 1009 3176 ind.
1053 3126 1131 3176 aor.
1175 3126 1250 3175 non
1293 3101 1462 3195 occurrit,
1505 3101 1573 3176 sed

434 3225 536 3322 impi.
566 3227 653 3323 (act.
683 3240 722 3299 et
751 3225 867 3323 rned.)
894 3223 1024 3322 paucis
1050 3221 1142 3299 locis
1169 3222 1315 3322 legitur.

493 3348 629 3447 Aeque
671 3348 744 3422 huc
777 3347 963 3445 pertinent
997 3373 1044 3423 ea
1076 3347 1193 3423 verba
1228 3374 1327 3446 quae
1364 3348 1574 3447 significant

441 3469 719 3565 „resistere”,
781 3468 1052 3562 „retinere’‘,
1094 3469 1315 3564 „arcere’'‚
1362 3487 1604 3566 „conten-.

436 3591 587 3684 dere”‚
623 3593 702 3667 sive
730 3591 881 3691 proprio
908 3592 988 3667 sive
1017 3590 1198 3668 translato
1214 3618 1344 3669 sensu:
1368 3593 1573 3700 α’ντέχειν,
1651 3687 1654 3694 ,

435 3725 603 3821 εἴργειν,
628 3717 934 3804 ἐναντιοῦσθαι,
960 3719 1263 3821 ἰσχυρίζεσθαι,
1286 3717 1426 3815 quippe
1440 3717 1574 3815 quibus

434 3839 570 3929 verbis,
609 3854 795 3935 quatenus
829 3839 898 3912 sub
935 3837 1062 3913 formis
1095 3837 1336 3937 praesenticis
1364 3855 1571 3934 occurrunt,

436 3961 666 4034 continuatio
693 3959 974 4059 repugnationis
1001 3960 1081 4035 sive
1108 3961 1357 4037 contentionis
1379 3962 1570 4038 indicetur.

489 4083 606 4158 Verbi
647 4082 838 4188 οἷντέχειν
880 4107 995 4180 saepe
1036 4083 1136 4180 imps.
1174 4083 1342 4176 occurrit,
1380 4085 1454 4158 ind.
1493 4110 1572 4161 aor.

443 4220 589 4280 tanturn
624 4207 726 4280 hisce
754 4205 869 4281 tribus
897 4204 988 4279 locis
1016 4203 1171 4304 legitur:
1203 4205 1238 4280 Il
1270 4212 1331 4301 64,
1364 4231 1384 4302 3
1416 4206 1574 4284 Pericles

435 4329 554 4403 verba
604 4328 743 4406 iaciens
777 4330 825 4403 de
854 4328 1140 4406 Atheniensium
1181 4330 1337 4428 imperio
1378 4331 1573 4431 profitetur

474 4603 501 4673 ι)
520 4605 548 4655 in
566 4602 622 4671 ejus
641 4603 803 4672 Thucydidis
821 4604 937 4657 editione
955 4602 1081 4674 (Trajecti
1099 4605 1133 4658 ad
1150 4604 1272 4658 Rhenum
1292 4603 1461 4674 ι877-’8π.)
