1073 1552
490 199 514 222 87

218 253 260 275 106,
277 252 305 276 2):
320 252 407 278 ἐγένετο
421 253 431 273 ἠ
446 253 527 278 ὁμολογία
541 254 570 272 καὶ
583 252 736 278 προσεδέξαντο
750 254 786 272 κτλ.

242 282 259 300 V
273 288 304 306 31,
317 288 327 306 3
340 283 369 302 καὶ
381 282 430 309 μέχρι
439 285 468 302 τοῦ
478 281 550 302 Ἀττικοῦ
559 282 630 309 πσλέμευ
642 282 724 310 α’πέφερον,
735 282 787 303 ἔπειτα

215 313 358 339 παυσαμένων-
366 314 381 333 σι’
393 312 451 332 Ἠλεῖοι
463 313 610 339 ἐπηνάγκαζον
622 313 661 337 („vi
672 320 706 332 eos
718 320 787 338 cogere

216 343 327 368 parabant'¹,
344 343 381 367 „sie
395 343 455 362 trafen
471 343 548 362 Austalt
558 343 585 362 sie
596 344 643 362 dazu
655 351 676 362 zu
689 344 786 368 zwingen'’

216 374 258 398 Clu),
273 375 288 394 οἱ
301 373 317 394 δ’
330 373 415 400 ἐτράποντο
430 374 469 400 πρὸς
482 373 520 397 τοὺς
533 375 682 401 Λακεδαιμονίους.

242 404 269 423 Vl
278 411 309 427 29,
318 410 328 428 3
336 406 351 424 οἱ
358 403 374 424 δ’
381 406 436 431 ἐχθροὶ
444 405 477 429 (se.
484 407 512 424 τοῦ
520 403 634 431 Ἀλκιβιάδου)
641 416 667 419 -
675 405 787 432 ἐπέτρεπον

216 436 244 455 καὶ
268 435 397 455 ἐπέσπευδον
418 435 430 454 ἰ,
445 442 461 454 e.
483 442 557 454 summa
578 442 615 460 ope
637 435 743 459 nitebantur
764 442 788 455 ne

216 465 268 484 fieret
282 466 300 484 id
314 466 366 490 quod
381 465 423 485 Alc,
437 466 557 485 desiderabat
571 466 694 490 (‚suchten
708 467 742 485 auf
751 466 787 485 alle

216 496 287 519 Weise,
301 496 340 515 sein
355 496 464 521 Verlangen
478 504 500 515 zu
514 496 660 516 hintertreiben'¹
675 497 717 522 St.)¹

243 527 298 546 Nunc
308 531 425 546 transeamus
439 527 464 546 ad
477 534 501 546 ea
514 527 573 546 verba
586 534 665 552 quorum
673 528 712 547 sive
720 528 787 552 imper-

216 558 265 577 fecta
290 558 330 576 sive
355 557 403 577 aliae
423 558 495 577 formae
515 558 644 583 praesenticae
664 565 722 583 saepe
742 565 785 577 cum

216 588 351 613 significatione
371 589 460 607 eonativa
478 593 587 607 occurrunt:
605 588 674 615 ἄγειν,
693 589 787 612 διδόναι,

217 621 315 642 κτᾶσθαι,
341 618 438 642 κωλύειν,
463 620 549 643 πείθειν,
570 619 678 646 πράσσειν,
699 621 788 646 φθείρειν

218 656 321 675 eorumque
335 650 445 674 composita.

245 680 368 699 Notissimum
385 684 414 699 est
432 681 485 699 verbi
503 679 562 707 ἄγειν
582 680 646 699 formis
666 681 788 705 praesenticis

217 711 277 735 ipsam
295 711 376 730 ducendi
389 711 489 734 actionem,
503 711 564 736 ipsam
578 711 718 736 expeditionem
733 711 787 736 signi-

217 742 274 765 ficari,
287 748 328 760 cum
341 746 406 760 contra
417 741 481 760 formis
491 741 581 760 aoristicis
593 741 675 768 (ἀγαγεῖν)
687 742 787 766 praecipue

217 772 252 792 iter
262 773 373 796 consectum,
386 773 466 791 ducendi
479 772 520 791 finis
527 772 623 792 indicetur.
631 772 718 797 Exempli
726 773 787 797 gratia

217 804 275 822 affero
294 804 320 822 111
338 805 370 827 81,
387 810 396 822 2
411 802 449 827 τούς
462 811 478 823 τε
492 805 593 827 Μεσσηνίους
606 804 622 827 ἐς
635 803 665 825 τὴν
679 804 726 823 πόλιν
740 803 788 830 ’riva-

216 842 253 860 γον
271 834 345 861 πρᾶτερον
363 833 394 858 ἔξω
413 834 462 857 ὄντας
479 834 491 852 i.
503 840 520 853 e.
540 834 588 853 intra
606 834 671 852 urbem
686 834 787 853 duxerunt:

217 864 297 883 aei-istus
311 864 404 889 significat
418 864 511 883 actionem
526 865 606 883 ducendi
620 871 680 889 usque
694 865 719 883 ad
731 864 787 883 finem

217 902 259 914 esse
279 895 396 919 absolutam3
417 902 467 920 quae
488 895 516 914 vis
534 895 598 914 aoristi
616 895 702 914 effectiva
721 895 788 914 clarius

217 926 274 945 etiam
292 926 353 945 elucet
369 926 388 945 in
402 926 493 945 infinitivo
508 926 539 951 qui
553 926 621 951 legitur
636 926 661 944 IV
677 931 708 950 37,
726 932 732 944 1
749 927 787 952 βου-

217 957 282 983 λόμενοι
299 957 389 983 ἀγαγεῖν
408 956 468 980 αὐτοὺς
487 956 577 980 ’Δθηναίοις
596 960 659 981 ζῶντας
676 957 714 975 i.e‚
733 956 788 975 vivos

217 987 311 1006 tradere
320 987 467 1006 Atheniensibus
477 987 530 1011 (nonz
539 987 608 1006 ducere
615 987 639 1006 ad
647 987 709 1011 Ath.);
722 991 788 1006 contra

217 1018 327 1043 imperfecto
348 1022 427 1037 eventus
448 1018 526 1037 actionis
547 1024 584 1037 non
605 1018 726 1042 significatur,
747 1018 788 1043 ipsa

218 1048 267 1067 aetio
285 1049 365 1067 ducendi
382 1049 496 1073 exprimitur,
515 1048 567 1067 velut
586 1049 612 1067 1V
629 1055 660 1072 93,
678 1055 684 1067 1
701 1050 730 1068 καὶ
744 1048 787 1068 κατὰ

218 1079 270 1106 τάχος
282 1079 378 1103 ἀναστήσας
392 1078 428 1106 ἦγε
439 1080 467 1099 τὶν
479 1080 547 1106 στρατόν
558 1079 569 1098 ἰ.
575 1086 592 1098 e.
605 1079 686 1098 ducebat
697 1079 788 1098 adversus

218 1110 291 1129 hostes:
302 1110 412 1135 imperfecto
424 1110 484 1135 ipsum
495 1110 529 1129 iter
536 1110 591 1129 nobis
598 1114 754 1134 repraesentatur,
763 1111 788 1129 ad

218 1141 282 1160 hostes
296 1147 338 1159 esse
352 1145 463 1165 perventum
475 1147 596 1165 nequaquam
608 1140 699 1159 indicatur
710 1140 788 1165 (am-isto

218 1171 250 1196 qui
263 1171 347 1196 sequitur
360 1171 461 1198 προσέμιξεν
476 1171 495 1190 id
509 1172 604 1196 redditur).

245 1202 274 1220 Ex
285 1202 321 1221 hac
333 1202 469 1227 significatione
479 1202 531 1221 verbi
546 1201 591 1228 ἄγειν
603 1202 731 1227 imperfectiva
742 1202 788 1220 deri-
